3200 5217
705 462 744 519 43

153 630 283 692 indicari.
301 640 359 692 non
380 640 484 713 potest
519 633 631 710 Negari
654 652 714 711 nou
727 632 874 713 potest‘i'
892 629 1026 692 adverbii
1047 632 1194 711 temperi,
1217 628 1296 712 quod

153 758 171 795 a
193 737 384 815 substantivo.
399 738 529 818 ‘tempus'
547 718 583 799 ,iu
605 737 707 817 lingua
728 737 817 818 plane
839 746 1006 818 separatum
1021 756 1084 809 esse
1099 738 1132 797 ‘e'
1155 740 1187 797 in
1203 738 1296 813 altara

152 842 267 923 syllaba
296 846 443 903 servatum
471 843 606 917 ostendit,
639 846 765 923 speciem
787 845 972 922 antiquitatis
1000 863 1071 924 prae
1093 863 1125 904 se
1146 843 1222 903 ferre
1244 839 1295 925 (cf.

153 948 321 1026 Bragmann
353 948 445 1009 lrnrzo
472 949 532 1026 vgl.
553 970 595 1027 gr.
620 945 737 1027 4471)).
791 948 849 1009 Sed
876 946 998 1009 eandem
1020 948 1058 1008 ob
1081 969 1196 1007 carosam
1218 950 1297 1008 veri·

152 1053 247 1113 simile
270 1070 326 1112 non
346 1063 390 1114 est
405 1056 544 1134 ‘temperi’
560 1054 660 1115 eodem
683 1053 769 1114 modo
791 1062 880 1133 atque
899 1053 1025 1113 ‘faenori'
1041 1073 1057 1113 e
1073 1054 1214 1129 iacuere,
1228 1056 1297 1112 ‘ma-

151 1159 217 1217 iori’
233 1178 249 1219 e
266 1161 423 1219 ‘maiore’e
442 1162 588 1240 ‘tempore'
603 1160 757 1220 formatum
780 1179 844 1220 esse
867 1164 920 1237 (ita
934 1157 1070 1239 Lindsay
1087 1160 1138 1219 lat.
1153 1181 1195 1238 gr.
1211 1160 1297 1239 455.)

151 1264 244 1323 Immo
276 1264 447 1325 adverbium
480 1267 624 1345 ‘tempere'
654 1265 692 1325 ab
723 1264 871 1326 adverbiis
886 1266 979 1325 ¹velut
1003 1263 1137 1346 ‘peregri’
1160 1262 1210 1347 (de
1237 1285 1295 1346 quo

151 1369 240 1429 verbo
263 1370 297 1429 cf.
311 1370 499 1431 Skutscbium
522 1372 567 1432 ll.
591 1371 630 1449 jb.
655 1371 750 1453 suppl.
775 1375 825 1444 27,
843 1371 911 1447 98.),
934 1372 1064 1450 ‘vesperi'
1087 1372 1117 1432 ‘i’
1139 1356 1297 1451 sumpsisse

151 1474 237 1535 credo
259 1476 393 1554 (tortasse
414 1476 572 1537 secuudum
595 1477 671 1536 ‘ruri'
684 1479 768 1537 iuxta
784 1476 867 1537 ‘rure‘
890 1480 949 1536 iam
968 1479 1096 1556 antiquis
1115 1475 1294 1555 temporibus

150 1579 188 1639 ob
216 1581 345 1661 aliquam
376 1602 492 1641 causam
523 1582 698 1661 formatum).
743 1581 801 1642 Sed
823 1601 1007 1662 quacumque
1029 1584 1141 1641 ratione
1162 1580 1200 1641 ds
1215 1585 1295 1641 ‘tem-

150 1688 225 1765 peri'
254 1686 439 1761 indicaveris,
463 1688 492 1749 ‘i‘
513 1688 634 1765 longum
656 1696 760 1768 quarta
782 1690 921 1748 arsisatc.
945 1695 1051 1761 tuetur,
1078 1707 1147 1765 ergo
1169 1694 1221 1745 aut
1243 1685 1295 1762 ob

150 1791 264 1865 solavit,
295 1800 354 1867 ant,
385 1791 465 1873 quod
497 1794 588 1856 multo
619 1792 807 1853 verisimilius
840 1802 902 1867 est,
936 1792 1116 1873 temporibus
1147 1792 1298 1852 Plautinis

149 1906 288 1957 novatum
310 1906 362 1958 est.
655 1960 658 1967 ,
1193 1968 1197 1973 ,

239 2004 272 2063 Si
294 2006 438 2083 scriptura
461 2005 617 2084 ‘temperei'
639 2007 670 2063 iu
691 2004 721 2063 A
743 2003 848 2064 Pseud.
876 2008 957 2064 1182
986 2003 1095 2063 tradita
1116 2006 1172 2063 uiti
1197 2004 1294 2079 liceat,

150 2109 309 2169 secundum
339 2111 470 2190 ‘peregri'
502 2130 539 2169 ex
570 2111 719 2190 ‘paregrei'
750 2118 850 2169 natum
874 2110 923 2189 (cf.
941 2109 1076 2170 Skutsch.
1091 2110 1109 2169 l.
1122 2106 1160 2191 c.)
1175 2117 1206 2169 et
1221 2113 1295 2169 ‘ves-

150 2215 221 2294 peri’
243 2235 280 2275 ex
303 2216 451 2295 ‘vesperei’
474 2216 628 2294 ‘temperei'
651 2223 745 2274 ortum
767 2235 831 2275 esse
852 2216 1045 2284 confirmatur.

236 2322 335 2381 Etiam
364 2321 452 2398 longa
481 2320 591 2380 voc-alis
620 2320 740 2381 locativi
772 2322 906 2400 ‘vesperi’
935 2324 967 2380 in
995 2329 1101 2402 quarta
1131 2323 1187 2380 arsi
1212 2328 1295 2381 extat

148 2423 211 2483 Mil.
237 2429 312 2487 995:
352 2462 355 2470 ·

169 2584 171 2588 ,
238 2535 297 2611 ‘qui
320 2540 445 2613 aucupet
463 2552 513 2595 me
536 2532 606 2612 quid
629 2553 723 2610 agam,
748 2535 797 2613 qui
822 2532 859 2593 de
880 2536 993 2613 vesperi
1016 2535 1101 2592 vivat
1127 2532 1211 2607 suoi?
1240 2530 1293 2592 sad

150 2640 236 2697 nimis
258 2659 323 2697 raro
337 2637 548 2699 substantivum
564 2636 642 2719 apud
656 2638 966 2714 Plautuminvenitur,
985 2660 1073 2720 quarn
1088 2648 1120 2698 nt
1134 2636 1294 2699 secundum

148 2742 225 2803 hunc
247 2765 336 2803 unum
359 2745 454 2805 locum
472 2744 513 2805 de
536 2748 700 2824 quantitate
721 2746 747 2804 ‘i'
770 2745 883 2810 vocalis
904 2743 1030 2805 iudicari
1053 2748 1152 2826 possit.
1196 2744 1294 2805 Varro

150 2849 288 2909 ablativis
310 2850 441 2930 ‘vesperi'
456 2858 493 2910 'et
509 2851 645 2929 ‘vespere’
660 2853 759 2925 utitur,
774 2858 890 2930 practer
905 2850 1067 2909 ablativum
1080 2858 1179 2909 autam
1196 2848 1294 2910 nullus

150 2976 233 3015 casus
262 2955 419 3015 secundum
450 2959 566 3015 tertiam
597 2932 829 3030 declinationem,
859 2955 929 3014 dum
950 2955 1051 3033 lingua
1073 2954 1181 3013 Latina
1202 2956 1316 3033 viget·

149 3062 284 3121 flectitur.
315 3060 434 3135 Quare
459 3062 591 3141 ‘vesperi'
614 3080 652 3119 ex
675 3062 823 3140 ‘vesperei'
844 3068 944 3143 uatum
967 3079 1029 3119 esse
1051 3060 1293 3141 locativumfflstir·

149 3167 196 3246 pis
216 3168 248 3223 in
271 3185 288 3224 0
311 3164 469 3224 desinentis
489 3164 537 3247 (cf.
552 3164 687 3245 Liudsay
707 3165 758 3225 lat.
781 3143 903 3244 gramm.
927 3161 1011 3248 455),
1026 3164 1170 3244 '‘vespcrc’
1192 3182 1293 3223 secun·

149 3269 217 3329 dum
239 3248 319 3343 ruri:
342 3277 473 3332 rnreeto.
496 3270 534 3329 ad
557 3274 670 3351 vesperi
692 3271 847 3331 formatum
876 3290 939 3331 esse
964 3270 1097 3330 arbitror.
1141 3268 1292 3347 (‘vespere'
1348 3297 1351 3300 ·

149 3390 211 3437 esse
236 3376 454 3438 'heteroclisiam
484 3379 658 3457 posterioris
682 3379 785 3437 aetatis
807 3377 996 3440 Skutscbium
1019 3375 1129 3455 aliquo>
1143 3373 1208 3434 loco
1230 3393 1290 3434 me·

147 3484 218 3540 mini
241 3481 377 3562 dicere).-

237 3588 264 3646 ‘1'
287 3587 407 3646 locativi
430 3586 608 3647 ‘Acherunti’
639 3587 761 3665 longum
789 3588 880 3647 fuisse
902 3588 990 3647 Merc.
1014 3590 1076 3646 606
1109 3586 1292 3665 comprobari

147 3691 254 3751 dicitur
283 3691 440 3752 secundum
468 3691 685 3771 Weddinginm.
710 3702 713 3713 ¹
746 3696 779 3753 ‘si
810 3705 907 3774 neque·
933 3693 981 3752 bic
1009 3711 1103 3773 neque
1129 3692 1290 3752 Acherunti

150 3819 222 3871 sum,
245 3797 296 3883 ubi
317 3797 403 3857 sum?
448 3798 600 3878 Nusquam
622 3800 771 3876 gentinm’.
807 3797 865 3858 Sed
887 3798 961 3858 baec
982 3818 1117 3857 mensura
1142 3798 1217 3856 falsa
1240 3776 1295 3871 est,

148 3905 218 3981 quia
240 3900 319 3982 apud
341 3902 480 3961 Plautum
503 3923 647 3983 nusquam
669 3882 764 3983 prima
787 3903 904 3983 syllaba
924 3904 1005 3963 verbi
1031 3904 1202 3963 ‘Acheruns'
1223 3903 1288 3962 loco

147 4006 245 4067 brevis
257 4006 389 4087 syllabae
402 4015 492 4081 extat,
504 4029 568 4067 curn
584 4008 736 4069 Lucretius
746 4009 863 4089 quidem
872 4010 1040 4069 ‘Acheruns’
1056 4012 1099 4068 ita
1112 4008 1289 4083 dimetiatur,

147 4123 180 4174 ut
203 4123 376 4195 anapaestus
405 4118 443 4175 sit
474 4116 521 4195 (cf.
545 4116 681 4176 Baierum
705 4118 736 4175 in
759 4125 910 4177 comment.
935 4118 1004 4196 pbil.
1021 4118 1113 4177 Hertz
1137 4120 1198 4177 295
1215 4136 1290 4197 sqq.,·

105 4254 108 4269 ·
147 4220 282 4300 Lindsay
312 4220 451 4280 Harvard
481 4220 557 4280 stud.
588 4222 645 4297 IX,
678 4226 738 4282 126
757 4225 812 4303 sq.)
843 4221 969 4301 [codices
998 4223 1117 4304 quidem
1148 4222 1288 4303 praebent

147 4326 349 4409 ‘Acherunti'].
417 4330 420 4335 “
1286 4321 1288 4324 ’

220 4556 246 4622 1)
265 4550 338 4625 qnod
357 4552 384 4609 ‘i'
402 4551 462 4609 fieri
479 4569 534 4607 nou
552 4568 641 4626 possa,
659 4554 725 4625 quin
743 4554 854 4627 longum
873 4555 917 4623 sit,
935 4571 1014 4611 nemo
1033 4561 1084 4622 est,
1109 4555 1156 4625 qni
1169 4554 1286 4617 nesciat.
