3200 5217
724 481 764 540 29

172 652 327 715 verborum
357 651 583 715 breviandorum
613 651 714 713 eodem
746 650 832 710 modo
856 659 944 731 atquc
971 653 1002 708 iu
1024 652 1119 729 primo
1142 648 1217 730 pede
1240 657 1270 709 et
1290 652 1322 708 in

172 764 339 841 anapaestis
361 760 450 820 fnisse
476 767 561 839 putat
584 758 655 838 (Sat.
679 756 781 817 Viadr.
808 760 868 815 142
892 756 958 815 adn.
984 752 1057 835 1¹1),
1078 755 1167 815 Truc.
1193 759 1255 815 810
1279 755 1320 816 le·

172 866 298 945 gendum
332 875 376 926 est
403 865 538 945 ‘pertinet
570 864 609 922 ad
636 862 734 937 vlros',
763 862 831 923 Aul.
857 863 918 921 395
942 861 1093 940 ‘config(e)
1115 863 1240 940 sagittis'
1270 870 1321 921 aut

174 972 298 1050 ‘conlige
320 973 446 1049 sagittis,
470 969 506 1030 de
529 970 617 1031 Truo.
643 972 690 1043 19,
714 968 822 1048 Amph.
850 970 919 1043 157,
943 967 1023 1027 Ρο10.
1048 969 1109 1026 319
1133 987 1220 1045 agere
1247 988 1321 1047 opus

172 1100 230 1138 non
252 1086 298 1137 est
321 1076 368 1156 (cf.
386 1076 574 1137 Skutschium
598 1093 713 1155 quoquc
733 1074 776 1136 lit.
792 1073 890 1133 Centr.
911 1075 1003 1147 1899,
1021 1073 1104 1150 969).
1126 1073 1322 1151 Reliquuntur

173 1182 243 1243 Cist.
269 1184 339 1257 531,
362 1182 438 1242 Rud.
467 1184 536 1256 112,
559 1181 650 1240 Persa
670 1182 741 1255 284,
764 1179 871 1238 Bacch.
889 1181 950 1237 412
976 1176 1124 1257 (1001111111
1144 1179 1320 1253 assentatio',

173 1291 230 1349 nisi
261 1287 408 1348 licentiam
431 1290 526 1367 quinti
548 1285 632 1367 pedis
655 1288 809 1365 septenarii
832 1284 973 1343 trochaici
996 1282 1141 1363 ‘perdidit’
1168 1283 1323 1346 admittere

174 1388 298 1475 credas),
321 1393 404 1453 Trin.
423 1394 495 1467 792,
518 1394 600 1450 cuius
623 1393 739 1449 initium
753 1399 920 1469 corruptum
941 1398 994 1464 est,
1010 1410 1085 1469 quae
1101 1390 1235 1469 exempla
1250 1394 1321 1450 satis

173 1518 237 1559 esse
251 1519 337 1558 nemo
353 1497 540 1559 existimabit.
575 1496 623 1555 Ad
640 1496 721 1556 Triu.
743 1498 804 1555 792
821 1497 914 1554 Maur.
937 1495 1009 1554 dicit
1030 1515 1188 1575 numquam
1210 1500 1323 1555 exitum

172 1606 277 1663 tertiae
299 1622 440 1683 personae
462 1602 619 1680 singularis
641 1602 765 1681 perfecti
786 1602 906 1680 longam
928 1601 1024 1661 1111000.
1070 1622 1136 1681 pag.
1170 1604 1228 1661 107
1253 1602 1322 1665 adn.

175 1712 205 1771 2.
227 1698 298 1788 quid
320 1710 374 1769 sibi
397 1709 485 1769 velit:
508 1708 564 1768 ‘die
586 1709 688 1787 Lange
710 1728 771 1767 von
793 1708 837 1768 ‘it'
861 1705 923 1788 (die
939 1707 1022 1765 nicht
1043 1707 1248 1786 ursprtinglich
1270 1706 1321 1790 ist)

172 1818 238 1875 tritt
259 1815 306 1875 bei
331 1815 455 1874 Plautus
477 1835 533 1873 nur
554 1822 640 1874 unter
662 1813 728 1872 dem
750 1816 827 1872 ictus
849 1814 913 1887 ein'‚
936 1832 982 1872 me
1004 1812 1087 1890 fugit.
1132 1814 1248 1890 Ignem,
1263 1834 1323 1893 qua

173 1924 288 1981 ratione
309 1920 427 1983 iudicet.
465 1921 542 1980 Sane
565 1922 637 1999 quin
658 1927 773 1998 praeter
794 1918 913 1995 longam
936 1918 1067 1977 vocalem
1088 1921 1121 1977 in
1143 1918 1244 1997 lingua
1266 1920 1323 1978 La·

175 2030 239 2086 tina
260 2029 357 2086 exitus
383 2028 486 2086 tertiae
519 2025 676 2104 singularis
701 2024 821 2105 perlecti
844 2024 961 2084 brevem
985 2024 1117 2084 vocalem
1147 2024 1323 2104 praebuerit,

176 2132 368 2192 dubitandum
391 2152 450 2191 non
472 2140 524 2207 est,
548 2130 595 2210 (cs.
618 2150 692 2211 quae
713 2132 873 2190 rectissime
896 2130 1027 2189 Sommer
1048 2130 1098 2189 lat.
1121 2151 1163 2207 gr.
1188 2134 1321 2211 617squ.

179 2239 309 2318 exponit)
332 2257 426 2317 neque
449 2236 526 2317 apud
550 2235 687 2296 Plautum
710 2238 878 2296 testimonia
899 2237 998 2296 brevis
1020 2236 1132 2295 vocalis
1153 2234 1265 2295 desunt.

263 2344 368 2403 Bacch.
400 2345 470 2404 665.
514 2342 592 2402 ‘lecit
621 2361 657 2403 ex
688 2342 779 2421 patre’
809 2345 839 2401 in
862 2342 1010 2401 trochaico
1033 2341 1098 2400 colo
1121 2362 1186 2402 cum
1210 2346 1323 2403 creticis

177 2452 336 2509 coniuncto.

265 2553 334 2614 Oist.
353 2557 414 2615 312
431 2556 526 2613 ‘nimis
541 2553 639 2634 lepide
654 2556 880 2613 exconcinnavit
893 2553 981 2614 hasce
991 2599 1068 2612 .....
1071 2554 1077 2578 '
1097 2561 1164 2613 ante
1181 2552 1323 2614 diaeresin

177 2663 335 2740 septenarii
358 2660 492 2736 iambici,
506 2660 626 2721 brevem
649 2660 780 2719 vocalem
804 2667 900 2719 autem
927 2667 988 2718 tam
1010 2679 1075 2718 raro
1098 2667 1198 2719 extare
1220 2663 1325 2719 mirum

178 2787 236 2826 non
266 2776 311 2827 est
339 2769 372 2825 in
393 2765 528 2826 versibus
549 2764 710 2825 Plautinis:
732 2766 838 2845 Itaque
860 2764 1017 2825 Skutschio
1041 2765 1106 2844 (sat.
1129 2765 1230 2827 Viadr.
1264 2770 1324 2826 143

179 2872 246 2931 adn.
271 2871 301 2950 2)
324 2891 383 2930 nou
404 2871 490 2930 licuit
511 2879 572 2930 tam
594 2870 772 2930 confidenter
803 2870 884 2949 loqui
908 2868 981 2928 ‘weil
1004 2870 1038 2946 ja
1059 2869 1250 2929 bekanntlich
1273 2870 1326 2930 das

178 2977 252 3037 ider
275 2980 292 3036 3
309 2998 351 3055 sg.
365 2977 405 3055 pt.
417 2998 454 3035 zu
469 2976 688 3036 Plautinischer
701 2976 766 3035 Zeit
779 2976 854 3034 noch
870 2976 940 3054 lang
956 2974 1023 3034 war'
1038 2974 1150 3052 (eodem
1164 2974 1252 3035 modo
1266 2998 1326 3036 non

178 3093 258 3145 recte
280 3082 390 3142 iudicat
401 3083 463 3142 Leo
486 3080 692 3165 1010111237).
724 3081 859 3161 Lindsay
874 3081 957 3160 Capt.
980 3083 1045 3139 intr.
1068 3101 1134 3159 pag.
1154 3084 1191 3141 13
1207 3080 1326 3141 brevem

179 3189 324 3270 syllabam
349 3187 463 3248 duobus
485 3188 559 3247 locis
582 3187 729 3247 Plautinis
751 3209 811 3247 non
834 3187 1016 3267 comprobari
1038 3196 1143 3261 0011001,
1165 3189 1279 3263 iniuria,
1295 3197 1328 3248 11

180 3297 300 3374 opinor,
334 3296 405 3372 quia
436 3293 534 3352 brevis
563 3293 675 3352 vocalis
706 3296 737 3352 in
769 3292 1008 3372 inscriptionibus
1038 3295 1102 3352 sine
1131 3291 1221 3352 dubio
1247 3302 1328 3353 extat

180 3409 268 3479 atque
299 3400 348 3458 hic
379 3399 489 3458 vocalis
520 3401 632 3477 origine
653 3399 752 3459 brevis
784 3407 843 3472 est,
872 3418 931 3456 non
953 3397 1120 3458 decurtatus
1149 3400 1328 3479 temporibus

176 3507 334 3566 Plautinis.
352 3504 460 3565 Contra
482 3508 553 3585 quin
577 3505 609 3565 ‘e'
632 3506 720 3566 breve
743 3506 921 3563 coniunctivi
943 3508 1105 3584 praesentis
1127 3508 1238 3584 primae
1260 3527 1327 3565 con-

179 3614 338 3690 iugationis
368 3610 444 3670 Rud.
469 3614 531 3669 212
563 3613 593 3669 iu
621 3610 686 3670 colo
709 3613 816 3670 cretico
840 3611 1327 3687 ι11101101101111,11110’11100111-

180 3717 273 3778 ditum
307 3720 353 3792 sit,
375 3716 495 3776 dubium
526 3737 585 3776 non
619 3724 671 3792 est,
703 3720 772 3797 quia
795 3716 827 3775 ‘e'
859 3718 1039 3775 coniunctivi
1069 3719 1181 3795 origine
1206 3717 1327 3795 longum

180 3826 334 3903 pristinam
356 3825 551 3902 quantitatem
573 3822 652 3901 apud
675 3822 815 3882 Plautum
838 3825 968 3881 servavit
990 3822 1035 3901 (of.
1061 3822 1092 3881 O.
1108 3823 1141 3881 F.
1160 3824 1206 3882 W.
1220 3824 1328 3884 Mtiller

180 3950 256 4009 pros.
282 3929 343 4009 64).
366 3929 491 3989 fortasse
512 3948 614 3989 versus
635 3931 678 3987 ita
700 3927 857 3987 mutandus
880 3936 941 3987 est:
965 3925 1023 4007 ‘qui
1039 3928 1110 3986 mihi
1126 3947 1163 3987 ex
1179 3928 1225 3987 his
1247 3928 1327 4006 locis,

182 4043 235 4095 aut
257 4038 337 4095 viam
359 4043 500 4095 monstret
522 4043 574 4094 ant
596 4038 728 4094 semitam
751 4037 794 4093 ita
817 4034 912 4095 nuuc'.
946 4033 985 4111 (A
1007 4054 1066 4092 non
1089 4032 1218 4113 legitur.)

270 4140 352 4201 (lurc.
379 4144 437 4201 701
463 4139 640 4201 Fleckeisen
673 4148 740 4199 ante
768 4140 810 4199 ‘si’
841 4142 943 4201 inserit
966 4138 1047 4217 ‘ego',
1076 4138 1200 4199 fortasse
1221 4143 1329 4199 mutari

180 4255 279 4328 potest
300 4251 436 4307 ‘animum
460 4248 607 4308 advortite
628 4247 684 4305 1100
706 4250 732 4306 01
754 4268 871 4326 possum
883 4293 961 4309 .....
964 4246 971 4271 ’
1016 4246 1072 4324 Ep.
1096 4248 1158 4305 333
1182 4246 1328 4306 ‘astutiam

257 4498 283 4565 l)
307 4510 395 4564 nuper
418 4495 473 4550 alio
501 4493 581 4550 modo
609 4494 636 4549 Ο.
656 4494 687 4549 F.
707 4494 750 4549 W.
769 4494 872 4549 Mtiller
895 4494 958 4564 (Rh.
978 4494 1049 4549 Mus.
1070 4494 1112 4561 54,
1132 4494 1196 4565 533)
1220 4507 1328 4549 versum

184 4586 321 4656 corrigere
340 4592 454 4641 conatus
472 4592 523 4642 cst.
