3200 5217
881 503 922 561 20

326 673 431 754 ‘caput'
447 673 545 749 efficit,
561 678 591 734 in
608 677 713 756 ‘cipes',
736 680 785 757 qui
800 677 877 737 Rud.
900 682 983 738 1158
1000 688 1073 758 ante,
1082 679 1214 739 ultimam
1230 677 1389 761 dipodiam,
1400 671 1480 735 Rud.

326 782 385 838 671
412 783 442 838 in
464 781 522 840 fine
544 801 647 841 versus
670 786 768 842 cretici
791 785 954 859 invenitur,
978 784 1044 845 Oas.
1070 789 1129 845 931
1154 794 1222 846 ante
1244 786 1389 845 diaeresin
1413 800 1481 860 sep

322 888 426 943 tonarii
450 885 570 946 iambici
593 908 646 966 pro
669 887 778 948 tradito
802 890 959 969 ‘praeceps'
980 894 1131 952 restitutus
1153 899 1198 952 est
1212 891 1368 973 (Commor.
1389 888 1480 965 figm-

323 990 437 1049 ‘saliam
452 994 483 1050 in
495 1001 616 1073 puteum
628 994 804 1075 praecipes':
827 995 968 1055 Priscian.
991 997 1108 1077 1280)
1130 998 1176 1056 his
1198 997 1271 1057 locis
1292 998 1370 1056 tueri
1392 992 1481 1052 volu-

323 1100 386 1156 erit.
411 1097 461 1176 (de
483 1102 676 1176 grammatica
697 1103 813 1162 ratione
845 1101 1002 1161 formarum
1026 1104 1060 1163 cf.
1085 1104 1217 1163 Solmsen
1239 1103 1327 1162 KZ.
1345 1103 1403 1174 34,
1428 1099 1481 1171 36,

292 1290 294 1294 Ι
321 1202 453 1262 Sommer
486 1203 536 1264 lat.
571 1226 614 1282 gr.
641 1208 702 1265 399
741 1205 829 1286 adn).
885 1207 998 1268 Eodem
1027 1209 1114 1269 modo
1143 1209 1180 1270 de
1209 1206 1367 1289 ‘nuperum'
1391 1204 1483 1283 capt.

323 1311 385 1368 718
411 1317 477 1369 ante
500 1310 634 1369 ultimam
658 1309 810 1391 dipodiam
832 1316 926 1393 posito
949 1321 978 1373 et
1000 1313 1293 1395 de‘laridum'Oapt.
1311 1312 1481 1373 8471111110

321 1418 480 1495 septenarii
512 1416 664 1491 trochaici,
694 1418 771 1477 Men.
798 1420 860 1477 210
885 1426 952 1477 ante
975 1419 1107 1479 ultimam
1125 1419 1284 1500 dipodiam,
1301 1419 1386 1498 Capt.
1413 1415 1480 1475 903

319 1524 350 1579 in
373 1521 431 1580 fine
453 1541 556 1580 versus
580 1521 723 1582 collocato
746 1522 937 1584 iudicandum
959 1533 1012 1584 est.

411 1625 485 1685 Cum
508 1630 539 1686 in
562 1628 665 1706 lingua
686 1628 795 1688 Latina
826 1628 963 1704 classica,
998 1650 1071 1711 quac
1101 1630 1225 1707 dicitur,
1254 1634 1263 1689 i
1287 1628 1430 1689 infinitivi
1455 1625 1481 1685 e'

320 1731 482 1811 imperfecti
506 1736 687 1793 coniunctivi
709 1735 793 1794 verbi
816 1735 872 1794 ‘fio'
903 1754 1018 1816 semper
1049 1737 1138 1797 breve
1174 1740 1230 1813 sit,
1264 1734 1344 1817 apud
1374 1740 1483 1813 poetas

322 1840 472 1897 scaenicos
487 1838 639 1898 nonnullis
653 1840 726 1899 locis
749 1843 760 1899 i
783 1840 881 1917 longa,
897 1849 966 1901 ante
987 1842 1106 1903 vocales
1121 1842 1185 1921 lege
1202 1842 1337 1903 breviata
1359 1846 1483 1899 servata

321 1951 372 2003 aut
394 1943 533 2021 analogia
555 1948 691 2004 restituta
713 1954 773 2022 est3
796 1946 967 2028 plerumque
990 1949 1040 2022 ita,
1063 1956 1096 2007 ut
1119 1946 1206 2021 ‘fieri
1229 1945 1342 2008 fierem’
1365 1947 1398 2003 in
1420 1942 1482 2001 fine

321 2068 423 2108 versus
445 2051 623 2108 inveniatur.
670 2049 730 2110 Sed
752 2058 836 2111 extat
858 2060 927 2111 ante
949 2051 1082 2111 ultimam
1098 2051 1249 2131 dipodiam
1264 2052 1356 2111 Poen.
1377 2050 1482 2108 1056:

321 2153 399 2235 ‘quid
418 2154 483 2212 ais?
519 2158 570 2234 qui
592 2158 690 2234 potuit
713 2155 789 2231 fleri,
811 2165 845 2216 ut
867 2156 1057 2236 Carthagini'.

408 2268 497 2340 atque
528 2260 634 2340 Amph.
671 2263 731 2321 593
764 2263 1011 2324 Maurenbrechcr
1038 2264 1121 2344 (hiat
1153 2263 1213 2325 und
1246 2259 1484 2335 verschleifungt

324 2367 398 2447 161)
422 2365 574 2425 dimetitur
595 2367 719 2427 fortasse
741 2377 837 2428 recte:

408 2472 488 2547 fieri,
510 2493 589 2531 nunc
611 2480 644 2531 ut
666 2481 698 2532 tu
721 2483 750 2533 et
772 2474 822 2533 hic
845 2478 886 2534 sis
908 2484 937 2535 et
960 2474 1063 2535 domi?
1085 2474 1114 2534 id
1139 2474 1197 2533 dici
1221 2470 1300 2535 volo’
1311 2469 1334 2553 ¹)
1357 2472 1377 2553 ).

408 2578 567 2638 Praeterea
591 2587 688 2638 autem
712 2579 793 2639 ‘fieri'
817 2583 967 2640 invenitur
981 2580 1089 2661 Amph.
1111 2582 1171 2640 567
1197 2579 1282 2639 ‘vidit
1304 2598 1359 2638 nec
1382 2583 1485 2657 potest

318 2684 390 2761 fieri,
413 2692 546 2763 tempore
569 2684 636 2743 tino'
659 2688 689 2743 in
712 2684 859 2760 baccheia,
882 2686 968 2745 Most.
993 2688 1011 2745 7
1016 2688 1072 2745 22:

408 2788 490 2869 ‘quid
513 2788 614 2848 nunc?
640 2811 727 2869 quam
750 2790 845 2850 mdx?
890 2788 970 2866 Quid
993 2790 1060 2850 est?
1104 2786 1191 2863 Quod
1214 2790 1288 2850 solet
1310 2789 1374 2848 fieri
1397 2783 1484 2845 hic'?

318 2900 351 2955 in
374 2914 462 2954 versu
487 2897 604 2969 cretico,
628 2903 696 2955 ante
714 2896 804 2956 finem
818 2895 938 2976 quidem
960 2899 1093 2975 positum.
1139 2895 1203 2955 Iam
1218 2916 1306 2974 supra
1320 2890 1486 2953 nonnullas

321 3002 432 3061 formas
467 2999 597 3060 eiusdem
621 3000 801 3060 condicionis
825 3020 841 3060 e
865 3003 981 3061 creticis
1003 3009 1032 3060 et
1061 2999 1197 3060 baccheia
1219 3019 1337 3080 quoque
1360 3014 1486 3058 enume-

320 3110 402 3182 ravi,
435 3115 469 3166 ut
492 3105 693 3185 quaerendum
715 3109 771 3181 sit,
807 3126 877 3165 num
908 3107 984 3165 forte
1010 3105 1126 3166 easdem
1148 3106 1283 3166 licentias
1306 3104 1354 3163 his
1377 3103 1486 3162 metris

324 3222 414 3294 atque
436 3211 510 3271 locis
532 3231 643 3286 versus,
667 3211 703 3271 de
725 3212 834 3292 quibus
856 3214 988 3292 quaestio
1011 3219 1066 3285 est,
1088 3220 1177 3291 poeta
1199 3210 1373 3271 adhibuerit.
1422 3204 1487 3267 Sed

323 3326 483 3398 antequam
505 3315 537 3374 id
560 3315 758 3377 demonstrare
781 3336 879 3390 conor,
895 3319 947 3390 eis,
963 3335 1037 3395 quae
1055 3319 1120 3396 quis
1135 3336 1217 3377 meae
1231 3314 1487 3394 argumentationi

322 3424 440 3483 obicere
462 3425 563 3502 possit,
587 3421 786 3502 respondeam.
833 3420 910 3481 Sunt
932 3424 1018 3495 enirn,
1049 3425 1100 3501 qui
1130 3422 1209 3483 ‘fieri'
1232 3432 1283 3482 aut
1305 3422 1364 3480 alia
1387 3418 1488 3480 verba

322 3532 431 3589 cretica
454 3537 523 3587 ante
545 3528 668 3587 alteram
690 3527 787 3586 thesin
813 3529 971 3606 septenarii
1002 3529 1123 3586 inventa
1153 3530 1238 3587 initio
1265 3546 1386 3605 versus,
1422 3543 1485 3604 quo

319 3643 409 3714 poeta
454 3633 543 3692 simili
574 3633 694 3692 licentia
728 3640 817 3712 atque
850 3634 880 3690 in
914 3632 972 3691 fine
1004 3652 1074 3691 usus
1106 3635 1160 3706 sit,
1202 3634 1336 3691 excusari
1366 3638 1479 3710 putent

318 3739 498 3818 Exemplum
514 3746 612 3797 autem
627 3737 710 3797 verbi
726 3757 870 3817 nusquam
893 3740 951 3794 nisi
974 3740 1059 3795 initio
1083 3745 1112 3795 et
1134 3739 1166 3794 in
1188 3737 1246 3795 fine
1266 3756 1370 3795 versus
1393 3734 1488 3794 collo-

319 3848 362 3906 ati
385 3864 447 3904 esse
471 3844 528 3902 ‘firi'
559 3848 587 3903 ‘u
609 3842 760 3923 producta’
791 3841 973 3921 praeditum,
1005 3842 1040 3900 cf.
1065 3841 1193 3920 Spengel
1215 3842 1293 3900 Phil.
1319 3844 1381 3914 37,
1407 3843 1486 3913 440,

320 3953 371 4031 qui
390 3949 529 4009 dubitans
544 3957 661 4029 praeter
682 3949 769 4009 finem
794 3947 962 4007 ι1111111160
985 3945 1121 4005 admittit.
1169 3944 1278 4005 Contra
1302 3966 1392 4025 quam
1416 3964 1487 4003 sen·

321 4060 446 4116 tentiam
469 4054 617 4116 afferenda
639 4064 722 4115 sunt:
744 4053 821 4115 Rud.
849 4055 931 4112 1105
957 4051 1035 4112 ‘haec
1058 4050 1185 4111 Athenis
1207 4071 1299 4130 parva
1318 4039 1380 4112 tiit
1395 4095 1403 4111 .
1420 4094 1428 4110 .
1446 4094 1454 4111 .
1471 4050 1487 4109 .’

319 4160 397 4222 Rud.
423 4164 483 4221 217
519 4161 621 4221 ‘libera
654 4181 708 4239 ego
730 4168 876 4240 prognata
906 4146 951 4220 hii
973 4176 1128 4232 maxume,
1161 4158 1340 4237 nequiquam
1373 4155 1429 4215 fui'
1452 4158 1487 4215 in

410 4406 437 4475 1)
456 4407 500 4461 ‘et’
521 4405 680 4461 Lemannus
700 4404 825 4462 inseruit.
1434 4455 1439 4462 .

409 4496 437 4566 2)
457 4496 620 4551 Skutschios
640 4494 695 4551 Lit.
717 4494 867 4550 Centralhl.
890 4494 976 4562 1899,
995 4494 1048 4548 968
1066 4489 1128 4547 fieri
1145 4507 1201 4546 non
1219 4504 1301 4561 posse
1327 4488 1485 4559 contendit,

316 4592 348 4641 ut
366 4585 418 4640 hoc
436 4584 496 4641 loco
515 4601 613 4641 versus
633 4583 719 4639 ‘fieri’
737 4581 885 4654 legendum
903 4582 948 4638 sit.
