3200 5217
854 432 893 491 32

300 600 357 663 lem
390 604 501 682 origine
529 603 647 683 longam
675 615 822 666 servatam
852 625 916 666 esse
946 626 1038 685 usque
1069 603 1107 664 ad
1130 601 1269 665 Plautum
1292 602 1453 677 confirmet,

300 710 421 784 tollitur,
453 732 521 770 nam
553 732 611 791 qua
639 714 752 771 ratione
782 710 905 771 dimeter
935 714 1138 792 anapaesticus
1158 711 1242 770 Tria.
1267 713 1329 770 842
1354 715 1455 789 ‘quam

299 814 348 874 hic
378 816 442 878 rem
465 820 538 894 agat
561 819 690 875 animum
712 816 883 892 advortam',
910 836 946 876 ne
968 816 1055 895 plane
1077 825 1155 877 certe
1177 816 1295 896 quidem
1324 815 1454 875 traditus

297 921 347 999 (A.
369 921 489 1000 praebet
512 926 581 981 ‘rem
604 930 674 1001 agat
698 923 791 1005 gerit',
813 922 848 982 P.
871 922 965 982 ‘rem'r
988 922 1025 982 cl.
1049 924 1158 983 Leonis
1181 920 1294 1000 adnot.)
1316 920 1452 981 vocalem

296 1026 414 1103 longam
437 1025 521 1085 verbi
543 1027 620 1086 ‘rem'
644 1027 820 1108 comprobet,
843 1048 901 1086 non
923 1026 1062 1107 intellego
1073 1024 1105 1110 ¹)

384 1130 489 1191 Pseud.
524 1135 584 1192 549
623 1135 690 1193 ‘isim
726 1133 790 1195 heri
822 1120 1040 1194 constittleram’
1072 1131 1281 1193 dimetiendum
1315 1140 1367 1193 est.
1403 1131 1452 1209 (cf.

297 1237 430 1297 Solensen
453 1236 527 1296 stud.
553 1238 635 1317 167),
658 1238 745 1297 Truc.
764 1241 826 1298 704
851 1242 922 1297 ‘tum
944 1238 1023 1297 lllue'
1046 1259 1100 1318 pro
1123 1243 1194 1297 ‘tum
1216 1237 1282 1296 hoe¹
1305 1235 1451 1295 scribatur

300 1360 419 1402 necesse
442 1350 502 1401 est:
528 1343 562 1401 ef.
575 1343 703 1402 Baebius
726 1342 809 1403 stud.
833 1342 908 1402 stud.
935 1347 961 1418 2,
976 1346 1047 1418 276,
1070 1351 1102 1402 ut
1123 1363 1198 1401 unus
1220 1360 1336 1403 versus:
1361 1339 1451 1419 Epid.

299 1450 360 1505 435
384 1448 572 1527 relinquatur,
597 1452 647 1528 qui
670 1427 756 1507 facile
779 1451 878 1507 sanari
899 1456 996 1528 potest
1019 1449 1117 1525 (Most.
1144 1451 1227 1507 1163
1255 1446 1356 1507 eodem
1386 1449 1450 1506 iure

299 1562 385 1633 atque
407 1554 505 1613 hiatus
527 1563 593 1633 post
616 1555 696 1614 ‘sum'
720 1555 819 1614 hiatus
840 1555 907 1634 post
929 1555 1039 1635 ‘neque'
1062 1554 1187 1613 traditus
1209 1574 1272 1613 csse
1293 1550 1410 1635 potest.)

385 1660 545 1740 Postquam
569 1661 624 1720 boc
646 1658 741 1735 modo,
764 1669 797 1720 ut
819 1663 929 1740 opinor,
951 1680 1088 1721 numerus
1111 1664 1351 1734 testimoniorum,
1375 1680 1449 1740 quae

298 1768 329 1824 in
360 1764 488 1825 secunda
518 1775 569 1825 aut
605 1775 709 1846 quarta
741 1770 800 1825 arsi
832 1767 943 1827 hiatum
973 1775 1025 1826 aut
1053 1766 1276 1846 productionem
1299 1768 1448 1825 metricam

299 1869 448 1948 praebent,
471 1871 652 1950 aliquantum
676 1880 779 1930 auctus
802 1879 854 1945 est,
880 1891 929 1932 eos
951 1892 1053 1931 versus
1076 1872 1259 1946 enumerabo,
1289 1874 1320 1929 in
1343 1871 1449 1950 quibus

301 1974 417 2054 syllaba
446 1978 559 2054 origine
588 1976 685 2055 longa,
715 1974 765 2036 sed
793 1976 972 2055 temporibus
994 1977 1141 2036 Plautinis
1172 1978 1230 2035 iam
1252 1975 1392 2049 breviata,
1418 1955 1449 2032 ln

304 2080 434 2140 secunda
457 2090 507 2140 aut
532 2090 636 2162 quarta
658 2084 715 2141 arsi
739 2081 882 2141 collocata
905 2091 957 2144 est.
997 2081 1055 2142 Sed
1079 2084 1216 2169 quoniam
1230 2082 1277 2140 his
1299 2080 1371 2139 locis
1387 2100 1449 2140 ver-

301 2205 350 2243 sus
374 2193 403 2244 et
424 2185 543 2245 brevem
567 2186 698 2246 vocalem
720 2207 773 2265 pro
795 2187 884 2264 longa
898 2190 1033 2266 usmpari
1054 2196 1084 2246 et
1105 2187 1213 2247 formas
1232 2189 1368 2267 antiquas
1382 2185 1448 2244 aliis

299 2291 372 2350 locis
400 2312 460 2350 non
489 2291 632 2351 admissas
660 2295 718 2350 nisi
749 2295 780 2350 in
804 2293 862 2353 fine
883 2314 986 2353 versus
1007 2302 1124 2372 poetam
1147 2292 1305 2354 collocasse
1327 2312 1373 2352 me
1399 2291 1448 2352 de-

299 2400 505 2457 monstravisse
528 2396 650 2472 confido,
674 2396 810 2457 dubitare
832 2398 902 2458 lieet
923 2398 960 2459 de
983 2400 1106 2476 siugulis
1129 2400 1238 2472 formis,
1264 2407 1363 2458 utrum
1384 2398 1447 2457 lon·

299 2524 367 2580 gam
388 2502 519 2562 vocalem
542 2512 688 2563 servatam
712 2503 867 2563 ostendant
888 2505 935 2563 his
957 2505 1030 2564 locis
1053 2526 1091 2563 an
1113 2505 1224 2565 vocalis
1246 2505 1353 2577 brevis,
1374 2522 1448 2583 quae

299 2629 358 2667 una
379 2612 410 2667 in
433 2610 534 2686 lingua
556 2608 650 2668 locum
676 2608 842 2684 obtinuerit,
865 2619 957 2670 metro
979 2610 1123 2690 producta
1144 2613 1190 2670 sit.
1221 2612 1336 2670 Tamen
1350 2613 1448 2669 minus

299 2714 400 2774 fallaci
422 2717 473 2784 via
495 2724 618 2789 utamur,
641 2718 666 2773 si
689 2734 739 2775 eas
761 2716 869 2775 formas
889 2719 1017 2796 antiquis
1031 2716 1183 2775 vocalibus
1197 2714 1351 2795 productis
1365 2735 1449 2795 prae·

299 2819 385 2895 ditas,
418 2841 540 2900 quarum
569 2821 628 2879 alia
657 2824 784 2899 vestigia
813 2826 845 2880 in
875 2822 994 2900 liuguae
1017 2821 1140 2881 Latinae
1168 2824 1363 2882 monumentis
1390 2840 1451 2880 non

299 2934 422 3000 exstent,
446 2928 533 2984 etiam
556 2925 664 2985 Plauto
689 2925 900 2986 abiudicamus.

386 3030 433 3089 De
455 3033 535 3089 exitu
556 3034 730 3091 nominativi
751 3031 909 3110 singularis
928 3034 1040 3110 primae
1055 3031 1260 3091 declinationis
1275 3051 1340 3090 cum
1363 3030 1449 3091 multi

300 3134 359 3212 alii,
382 3144 443 3195 tum
464 3136 584 3195 ultimus
606 3136 758 3216 Wedding
781 3136 830 3217 ede
853 3138 1004 3197 vocalibus
1026 3136 1176 3216 productis
1191 3138 1257 3197 Lat.
1280 3156 1368 3197 voees
1390 3146 1449 3197 ter-

301 3241 480 3301 minantibus
502 3244 536 3301 B.
548 3243 581 3301 B.
605 3243 750 3319 XXVII,
777 3248 790 3301 1
817 3244 893 3323 squ.)
915 3242 1059 3302 disseruit.
1091 3242 1139 3321 (ef.
1163 3242 1297 3319 Ahlberg
1323 3241 1361 3301 de
1382 3262 1450 3321 pro·

300 3346 463 3405 celeusmat.
491 3350 551 3405 124
565 3347 641 3427 sqq.)
672 3346 752 3422 Quin
775 3347 956 3427 temporibus
971 3348 1119 3406 Plautinis
1141 3349 1200 3405 iam
1223 3350 1253 3405 in
1276 3346 1311 3404 ‘a’
1335 3365 1451 3425 correp-

299 3459 361 3509 tum
385 3454 496 3527 exierit,
522 3452 641 3512 dubium
665 3461 797 3527 nonest,
821 3451 874 3512 sed
896 3460 1007 3512 restant
1029 3451 1142 3511 nonulli
1157 3470 1267 3526 versus,
1289 3454 1320 3509 in
1344 3450 1450 3530 quibus

302 3556 336 3615 ‘a'
364 3557 483 3635 longum
506 3556 741 3637 deprehenditur.
787 3559 835 3618 De
859 3558 963 3638 quibus
986 3557 1138 3634 Wedding
1161 3557 1190 3636 (l
1208 3558 1242 3632 c.)
1272 3575 1331 3614 non
1360 3556 1450 3634 plane

299 3672 435 3723 accurate
467 3663 600 3723 omnibus
630 3665 702 3723 locis
731 3667 792 3741 egit
802 3660 836 3746 ²),
858 3663 910 3724 sed
939 3663 1113 3743 superfluum
1143 3670 1195 3738 eet,
1225 3682 1324 3720 rursus
1346 3681 1449 3721 versus

372 3891 398 3960 1)
418 3891 483 3957 quin
504 3891 593 3945 brevis
613 3892 715 3946 vocalis
734 3891 812 3946 verbi
832 3890 904 3947 ‘rem'
925 3889 1018 3958 luerit,
1037 3887 1217 3944 dubitandum
1235 3906 1290 3943 non
1312 3895 1354 3944 est
1373 3889 1449 3945 velut

298 3980 383 4047 Marc.
403 3985 455 4035 535
483 3989 574 4049 ‘quom
601 3988 691 4037 tecum
716 3999 774 4037 rem
798 3982 883 4037 habet
906 3981 989 4036 eerto’
1008 3981 1060 4050 (ita
1078 3979 1122 4052 P.)
1140 3980 1169 4034 in
1188 3980 1357 4048 paenultima
1375 3980 1449 4035 thesi

298 4072 448 4141 septenarii
466 4072 590 4127 iambici:
609 4090 663 4141 qua
683 4072 716 4128 de
735 4091 766 4129 re
785 4073 821 4130 ef.
841 4073 924 4127 infra.

370 4163 398 4232 2)
417 4163 492 4217 velut
511 4162 546 4217 ad
565 4164 631 4219 Oist.
652 4168 703 4221 555
723 4164 841 4233 ignorat,
860 4161 1011 4233 spondeum
1029 4162 1058 4216 in
1076 4160 1230 4231 posteriore
1253 4158 1323 4231 pede
1342 4160 1446 4229 primae

297 4259 325 4310 ct
352 4254 466 4309 alterius
494 4252 623 4323 dipodiae
651 4255 790 4310 inventum
817 4255 900 4310 verbo
928 4252 1114 4323 monosyllabo
1150 4251 1277 4320 sequenti
1306 4251 1441 4321 excusari,

298 4343 397 4399 Bacch.
418 4347 470 4398 893
489 4349 570 4413 putat
597 4345 730 4399 ‘Minervt
748 4344 864 4399 Latona’
884 4344 1013 4399 Plautum
1032 4341 1183 4397 dimensum
1201 4359 1262 4397 esse
1287 4342 1401 4397 licentia
1418 4343 1446 4396 in

298 4435 452 4490 nominibus
471 4434 591 4503 propriis
611 4436 795 4505 assumptam
815 4441 843 4489 et
862 4433 1105 4503 ‘antepaenultima
1118 4432 1195 4487 verbi
1207 4432 1333 4488 ‘Latona’
1353 4432 1446 4502 alege

297 4525 450 4581 iamborum
469 4524 651 4595 correptionis
670 4524 795 4581 breviata
806 4527 823 4595 (l
833 4527 860 4595 l),
871 4529 922 4580 etc.
