3200 5217
701 430 829 530 ινΙ

147 603 243 679 καινός
267 630 304 671 ex
329 605 451 695 κομ-χός
480 619 581 671 natum
604 631 675 672 esse.
721 612 815 671 Immo
846 611 919 672 ‘con'
942 613 1026 673 iuxta
1056 608 1146 694 ‘com',
1169 605 1220 671 ‘co'
1249 607 1296 673 iu-

147 715 221 791 isse,
257 714 354 785 καινός
391 737 428 777 ex
462 714 578 799 nor-263
614 726 715 777 natum
749 737 812 777 esse
849 737 952 777 censeo
982 718 1062 797 (aaut
1093 719 1143 778 lat
1173 716 1225 777 ‘co’
1255 743 1296 769 =

148 816 197 888 ξύν
233 818 301 882 cdv:
334 818 365 891 id
404 826 436 881 in
470 819 580 905 μεταξύ
595 820 616 902 ¹)
626 822 653 903 Ρ)
723 820 790 895 Qua
829 842 862 883 re
901 843 967 883 mea
1000 821 1119 903 quidem
1154 826 1299 883 sententia

147 946 239 985 unum
271 935 381 987 certum
412 928 577 1008 exemplum
607 930 712 988 mutati
743 929 810 1006 -mj·
841 931 873 987 in
895 930 933 1007 ·vj
958 936 1040 988 extat
1061 931 1093 987 in
1126 949 1169 1007 gr.
1204 915 1297 1013 βαίνω

147 1032 243 1091 urital.
267 1029 371 1111 glenio
394 1060 435 1085 =
459 1033 520 1112 idg,
552 1030 654 1115 321qu
695 1033 743 1113 (cf.
783 1032 820 1092 de
853 1033 996 1112 exemplis
1031 1031 1153 1092 Graecis
1183 1041 1298 1112 praeter

146 1134 183 1195 G.
200 1137 352 1217 Meyerum
366 1138 384 1197 l.
401 1139 429 1215 l.,
444 1139 613 1217 Bragmann
637 1160 678 1217 gr.
695 1159 736 1217 gr.
754 1134 766 1173 ³
786 1140 835 1214 77,
851 1138 922 1197 Hirt
943 1160 986 1215 gr.
1002 1158 1046 1215 gr.
1074 1142 1112 1197 17
1117 1139 1167 1217 0);
1188 1136 1298 1221 χλαῖνα

148 1244 234 1301 iuxta
261 1240 388 1327 χλαμύς,
418 1266 505 1325 quam
529 1266 546 1303 a
568 1243 720 1304 Thessalis
747 1254 858 1304 ceteros
878 1243 1007 1304 Graecos
1029 1246 1220 1323 assumpsisse
1241 1246 1298 1301 viri

148 1350 264 1428 antiqui
293 1349 429 1410 dicebant
461 1351 507 1430 (ef.
533 1350 714 1411 Studniczka
745 1350 827 1409 beitr.
859 1371 910 1409 zur
938 1350 1034 1428 gesch.
1066 1348 1119 1409 der
1148 1349 1297 1427 altgriech.

148 1454 245 1514 trecht
269 1458 327 1533 733
351 1456 427 1517 adde
449 1456 555 1517 Bacch.
576 1457 676 1517 XVII.
695 1460 734 1516 53
758 1452 810 1517 καὶ
832 1451 929 1517 οὔλιον
954 1450 1110 1517 Θεσσαλὰν
1134 1452 1298 1538 χλαμύδα).

147 1560 223 1618 nihil
245 1561 364 1639 probat,
397 1566 534 1643 quoniam
564 1572 683 1643 etymon
713 1562 810 1622 adhuc
832 1565 980 1640 cognitum
1002 1583 1062 1621 non
1084 1571 1129 1621 est
1150 1581 1244 1641 neque
1266 1564 1298 1619 in

147 1663 252 1748 χλανίς
276 1691 297 1749 μ
319 1667 450 1728 eiusdem
473 1668 654 1728 condicionis
678 1668 782 1727 fuisset
807 1677 895 1748 atque
923 1670 955 1725 in
979 1662 1104 1750 qlo'rpgo.
1149 1666 1181 1726 Si
1201 1675 1298 1726 autem

147 1790 250 1831 revera
264 1796 285 1854 μ
307 1793 470 1833 consonans
485 1777 613 1853 genuina
624 1781 675 1848 est,
690 1774 815 1833 fortasse
830 1795 844 1834 ν
860 1776 891 1832 in
907 1769 1056 1855 χλάνδιον,
1072 1793 1159 1853 quam
1174 1772 1296 1831 formam

147 1896 201 1955 pro
224 1882 383 1939 recentiore
405 1877 555 1963 χλανίδιον
580 1879 676 1939 adhuc
704 1879 860 1939 ostendunt
892 1879 970 1937 tituli
995 1879 1091 1937 Ionici
1112 1913 1156 1922 —
1177 1878 1299 1938 Bechtel

150 1986 222 2059 220,
240 1986 289 2061 30,
307 1988 363 2062 363
386 1986 456 2045 Ath.
480 1986 577 2045 Mitth.
593 1990 642 2060 16,
660 1988 719 2045 291
734 2006 775 2066 sq.
799 2008 823 2044 z.
844 1989 898 2060 14,
925 1988 962 2044 16
989 2019 1028 2030 -
1051 1984 1225 2044 nascebatur
1248 1981 1299 2064 (de

146 2086 288 2173 χλάνδιον
321 2091 356 2151 of.
380 2092 513 2152 Solmsen
542 2100 647 2151 unters.
677 2093 735 2167 753
766 2091 823 2151 alio
846 2090 941 2165 modo,
976 2089 1028 2149 sed
1049 2097 1083 2149 ut
1104 2092 1216 2169 opinor,
1246 2092 1299 2147 vix
1381 2157 1383 2161 ¹

148 2205 228 2257 reete
250 2197 364 2258 iudicat
385 2199 415 2258 J.
440 2196 573 2259 Schmidt
603 2198 698 2257 kritik
722 2201 762 2258 27
786 2198 863 2272 adn,
894 2198 933 2256 K.
948 2198 980 2255 Z.
997 2200 1048 2270 38,
1065 2199 1147 2272 221).
1199 2196 1299 2275 Atque

148 2322 186 2362 ne
202 2305 316 2363 mireris
339 2311 399 2362 tarn
422 2324 488 2363 raro
504 2300 644 2386 χλάνδιαν
668 2305 792 2362 inveniri
815 2324 868 2381 pro
891 2301 1008 2384 χλαῖνα,
1030 2298 1173 2359 admoneo
1196 2302 1298 2379 poesin

149 2410 261 2487 epicam
277 2407 458 2468 deminutiva
472 2408 591 2487 fugisse,
609 2408 714 2489 quibus
731 2410 801 2487 quin
824 2407 927 2484 lingua
942 2404 1104 2465 cottidiana
1124 2405 1216 2463 multo
1240 2424 1299 2464 cre·

147 2512 228 2573 brius
260 2535 313 2573 usa
334 2517 387 2588 sit,
421 2535 480 2574 non
503 2513 615 2575 dubito.
670 2514 809 2573 Fortasse
840 2513 871 2593 pj
904 2519 1052 2571 servatum
1073 2516 1118 2568 est
1139 2512 1171 2568 in
1193 2507 1298 2590 λαιμός

149 2627 251 2687 contra
273 2617 412 2702 λαμυρός.
446 2619 497 2701 (de
518 2619 638 2703 χλαῖνα,
661 2614 774 2702 χλανὶς,
798 2613 916 2702 χλαμὺς
938 2616 1008 2677 vide
1022 2615 1299 2694 Pauly-Wissowa

146 2728 195 2786 III
213 2730 295 2787 2335
319 2726 395 2808 sqq.)
944 2761 955 2798 5

234 2834 311 2892 Mihi
333 2831 450 2913 quidem
473 2832 593 2891 dubium
615 2852 674 2891 non
696 2840 755 2907 est,
787 2834 860 2911 quin
880 2834 1072 2893 mutationem
1094 2838 1200 2887 natura
1222 2849 1297 2887 mor·

146 2936 303 3016 phologica
325 2936 409 2997 verbi
434 2940 528 3016 ipsius
550 2937 698 3016 explicare
728 2956 848 2997 necesse
876 2938 924 2995 sit.
978 2936 1110 2996 Mutatus
1134 2942 1231 2992 autern
1253 2942 1298 2993 est

147 3042 257 3101 nasalis
279 3042 397 3102 labialis
419 3046 450 3101 in
473 3043 601 3101 nasalem
625 3042 771 3102 dentalem
794 3063 854 3101 non
875 3044 1007 3121 sequenti
1037 3043 1065 3113 i,
1096 3038 1148 3098 sed
1170 3037 1297 3097 dissimi-
1382 3025 1384 3031 ’

147 3146 265 3222 latione,
296 3168 372 3228 quae
402 3146 505 3206 labiali
534 3168 605 3207 sono
628 3147 816 3207 labiovelaris
839 3150 1026 3206 consonantis
1051 3144 1173 3205 verbum
1194 3145 1298 3223 incipi-

148 3258 224 3314 entis
247 3253 428 3314 efficiebatur
442 3253 544 3314 eodem
566 3253 653 3313 modo
677 3262 765 3334 atque
787 3254 903 3314 lebialis
924 3254 1055 3313 nasalem
1078 3250 1298 3311 antecedentem

147 3358 286 3419 labialem
308 3362 339 3418 in
362 3357 508 3418 dentalem
530 3358 753 3418 dissimilatione
775 3361 901 3418 mutavit
930 3362 960 3417 in
989 3377 1061 3418 voce
1084 3356 1237 3417 ‘tenebrae'
1260 3375 1297 3415 ex

146 3468 282 3524 temesrai
313 3466 352 3544 (ai
382 3464 544 3545 tamisra-):
577 3463 612 3523 cf.
649 3484 724 3544 quae
757 3484 823 3523 cum
844 3463 1045 3523 Niedermann
1071 3464 1104 3521 B.
1120 3463 1154 3521 B.
1174 3463 1230 3536 25,
1255 3464 1293 3520 87

149 3578 209 3629 tum
232 3566 399 3642 solmsen2)
435 3568 639 3628 disseruerrmt.
675 3568 776 3627 eadem
811 3567 1035 3628 dissimilatione
1067 3570 1099 3627 in
1121 3567 1223 3643 lingua
1252 3585 1296 3625 re-

148 3676 283 3733 centioris
306 3676 410 3733 aetatis
432 3671 555 3752 nespula
576 3692 614 3732 ex
635 3672 768 3752 mespila,
792 3694 890 3753 nappa
905 3694 943 3733 ex
962 3694 1071 3753 mappa
1085 3670 1296 3756 nascebantur:

147 3779 182 3841 ef.
208 3779 378 3858 Bragmann
401 3778 493 3837 abriss
520 3781 591 3837 241.
643 3777 702 3837 Sed
731 3798 796 3837 eum
826 3781 858 3836 in
880 3779 926 3837 his
948 3778 1045 3839 verbis
1069 3777 1254 3836 dissimilatio
1277 3797 1295 3834 a

147 3888 307 3965 posteriore
333 3885 431 3945 littera
453 3882 635 3961 regrediatur
657 3882 696 3942 ad
721 3904 877 3943 consonam
906 3884 1140 3965 antecedentem,
1169 3886 1296 3964 pertinet

149 3989 186 4050 ad
204 3994 395 4071 posteriorem
411 4010 567 4050 consonam
589 3992 659 4049 item
682 3997 769 4069 atque
791 3992 823 4049 in
842 3992 953 4066 ‘venio',
977 3986 1080 4073 βαίνω,
1102 3988 1183 4050 velut
1204 3991 1235 4048 in
1257 3991 1294 4048 ai.

240 4163 267 4231 1)
287 4160 321 4215 cf.
341 4162 499 4230 Bragmann
525 4177 565 4229 gr.
585 4177 625 4229 gr.
645 4161 657 4195 ⁸
675 4164 728 4215 454
747 4186 781 4208 =
800 4162 844 4219 lit.
865 4177 934 4218 sun:
963 4163 1018 4218 su?
1063 4159 1100 4217 cs.
1118 4160 1295 4217 Kretschmer

146 4251 180 4308 K.
193 4252 223 4307 Z.
236 4254 279 4321 31,
299 4254 351 4305 416
370 4268 428 4319 squ.

238 4346 267 4413 2)
286 4341 338 4397 Rh.
374 4356 442 4397 mus.
472 4343 515 4409 56,
545 4343 598 4395 498
622 4356 695 4409 squ,
734 4346 792 4397 tum
829 4341 901 4399 idem
935 4342 1013 4397 ‘iiber
1042 4340 1165 4397 dissimil.
1186 4365 1220 4387 =
1238 4339 1295 4394 und

146 4431 558 4500 assimilationserscheinungen
577 4431 622 4485 bei
641 4429 693 4485 den
707 4431 850 4501 altgriech.
867 4432 1049 4501 gutturalen':
1074 4431 1193 4485 Sbornik
1212 4430 1295 4497 statej

146 4521 241 4579 Viesti
259 4522 289 4577 F.
304 4521 333 4577 F.
347 4521 544 4577 Fortunatova’
564 4520 710 4577 deutschen
730 4522 954 4577 sonderabdruok
973 4525 997 4576 9.

1046 4618 1066 4678 2
