3200 5217
703 459 742 515 33

149 644 324 700 5551551515,
347 630 406 706 qui,
431 631 499 708 quin
523 635 658 707 corrupte
680 626 780 687 traditi
803 630 871 702 siut,
901 648 960 687 555
993 635 1038 688 est
1059 625 1181 686 dubium
1192 621 1224 707 ¹).
1256 625 1294 684 In

147 740 252 811 quarta
273 735 331 791 arsi
355 742 451 792 autem
473 736 664 793 inveniuntur
685 733 758 793 haec
780 732 930 812 exempla:

238 837 307 897 Cist.
333 841 393 897 606
418 843 505 918 ι11515,
529 842 656 917 inquam,
678 858 742 898 meo
765 858 815 899 ero
838 838 972 897 5516155
1002 837 1090 897 Certe
1111 836 1206 896 modo’
1228 857 1294 905 cum

148 961 273 1022 persona
295 952 416 1005 mutata.
1286 996 1290 1001 .

235 1046 322 1127 Epid.
338 1052 402 1108 498
418 1052 533 1128 ί11515511
555 1048 622 1129 plus
644 1052 704 1109 iam
726 1068 789 1108 sum
812 1048 905 1109 libera
920 1048 1157 1130 quinquennium‘
1174 1048 1225 1130 (A.
1237 1048 1291 1127 R).

235 1151 323 1213 Poeu.
348 1155 387 1212 85
412 1155 513 1231 ‘altera
537 1157 738 1234 quinquennis,
760 1154 854 1213 altera
875 1153 1078 1233 5551151555θ

236 1258 326 1320 Ρ555.
360 1262 442 1319 1052
480 1260 561 1319 ‘haec
591 1261 632 1317 mi
653 1258 808 1339 hospitalis
837 1260 947 1321 tessera
976 1280 1041 1319 cum
1063 1259 1115 1319 illo
1135 1260 1207 1320 fuit’.
1246 1258 1293 1338 (ct

148 1362 226 1427 Phil.
252 1364 300 1438 59,
323 1366 417 1443 483)1
440 1364 475 1425 cf.
500 1365 723 1444 Kampmannus
746 1363 800 1426 lc.
824 1384 890 1445 pag.
913 1368 940 1424 4.

237 1467 322 1531 Curc.
348 1472 409 1529 602
433 1473 525 1549 ‘pater
546 1472 634 1529 istum
655 1490 737 1529 meus
760 1472 921 1547 gestitavit.
972 1471 1014 1529 At
1036 1470 1102 1529 mea
1122 1470 1294 1544 matertera¹,

150 1593 236 1653 quem
251 1594 366 1635 versum
387 1584 466 1636 recte
489 1575 629 1635 traditum
651 1594 716 1635 esse
738 1595 849 1637 censeo.
1277 1639 1280 1644 ⁴

235 1680 351 1741 Dubius
373 1690 419 1741 est
440 1680 524 1741 Cure.
541 1683 581 1739 46
606 1685 677 1740 ‘eam
702 1681 766 1740 volt
780 1683 960 1741 meretricem
981 1681 1083 1748 facere.
1116 1681 1152 1741 51
1173 1701 1220 1742 me
1243 1680 1293 1741 de-

148 1787 243 1864 perit',
266 1790 336 1865 quia
356 1785 467 1845 hiatum
491 1794 558 1865 post
579 1785 691 1845 ‘facere'
714 1786 855 1845 traditum
878 1806 940 1847 esse
961 1789 1073 1866 opinari
1097 1786 1174 1847 licet

236 1891 271 1950 In
294 1892 441 1952 baccheia:
475 1892 581 1951 Bacch.
607 1894 690 1950 1128
715 1892 779 1950 ‘Pol
801 1891 889 1951 hodie
911 1893 1005 1952 511511
1029 1894 1090 1951 idm
1111 1892 1158 1951 bis
1172 1891 1295 1957 11515555

149 2004 228 2057 55115
251 1998 318 2057 est':
340 1998 401 2056 Leo
425 1998 506 2076 (item
521 1994 685 2074 Wedding)
708 1995 859 2056 dimetitur
881 1996 1034 2057 dimetmm
1057 1997 1247 2057 bacehiacum
1263 2006 1293 2067 -1-

149 2101 309 2161 clausulam
331 2102 510 2176 1155555555,
539 2100 590 2161 sed
622 2102 676 2161 hoc
711 2122 812 2161 versus
838 2102 903 2162 loco
935 2104 969 2161 ‘a’
991 2111 1084 2163 metro
1118 2103 1293 2183 productum

149 2226 213 2267 esse
234 2206 336 2268 eodem
359 2207 445 2266 modo
469 2214 556 2287 atque
577 2210 608 2265 in
630 2207 763 2266 versibus
786 2228 874 2287 supra
896 2228 912 2267 s
933 2206 1070 2268 baccheis
1094 2208 1194 2267 allatis
1216 2216 1294 2288 puto

149 2313 226 2373 Item
248 2313 311 2372 fieri
335 2312 453 2392 quidem
476 2320 580 2392 potest,
602 2319 636 2371 ut
658 2313 720 2373 eas:
746 2314 807 2371 655
831 2311 947 2390 legatur
968 2312 1125 2373 secundum
1147 2314 1186 2373 P:

237 2417 341 2479 ‘dicam
363 2427 415 2478 155
438 2417 546 2477 ancilla
560 2438 649 2497 quam
669 2425 702 2476 tu
723 2426 774 2476 tuo
796 2418 886 2477 vilico
908 2419 973 2493 vis',
995 2438 1172 2499 quamquam
1193 2422 1294 2478 verisi-

149 2525 248 2583 milius
281 2533 325 2584 est
355 2524 475 2583 verbum
499 2522 610 2582 ‘dicam'
634 2525 730 2583 versui
757 2524 828 2596 654,
858 2526 905 2582 555
927 2526 959 2583 55
982 2524 1018 2582 Α.
1042 2523 1190 2599 adhaeret,
1213 2526 1294 2583 attri-

149 2629 295 2690 buendum
319 2650 391 2705 esse,
411 2632 490 2709 quia,
513 2631 539 2687 si
560 2650 624 2687 cum
642 2629 675 2687 P.
699 2628 789 2706 legas,
812 2631 843 2687 55
866 2649 923 2688 uno
943 2648 1029 2689 verso
1052 2629 1127 2689 duae
1149 2650 1227 2690 arses
1250 2650 1295 2689 so·

148 2736 228 2797 lutae
251 2735 299 2815 (ct.
324 2755 398 2815 quae
421 2735 549 2815 Spengel
571 2734 707 2793 reformv.
733 2737 869 2814 2605511.
893 2733 930 2794 de
959 2736 1073 2795 arcibus
1105 2738 1137 2795 in
1158 2734 1294 2795 baccheis

149 2841 252 2900 solutis
273 2837 405 2921 exponit)
428 2847 457 2899 et
478 2839 594 2918 syllaba
616 2858 721 2918 auceps
742 2847 849 2899 extent.

237 2943 303 3005 Cas.
335 2948 396 3004 696
422 2944 470 3022 (A.
482 2944 529 3019 P.)
553 2942 632 3023 ‘qnid
655 2942 840 3002 5115115553
890 2944 948 3003 555
971 2943 1045 3003 adiit
1067 2952 1156 3023 atque
1178 2943 1296 3014 ademit‘

149 3054 221 3111 item
243 3050 304 3127 legi
325 3056 428 3129 potest.
459 3047 509 3107 Ad
532 3049 619 3107 Truc.
644 3051 706 3107 459
731 3048 766 3107 cf.
783 3047 936 3127 Weddiug
954 3052 1002 3123 13,
1022 3049 1058 3109 de
1073 3049 1178 3109 Pseud.
1198 3052 1296 3109 1278*

149 3157 257 3216 Leonis
279 3176 451 3229 1555551551,
474 3157 524 3234 qui
546 3156 760 3233 paroemiacum
782 3152 940 3227 dimetitur,
955 3152 993 3213 de
1008 3152 1073 3213 Cas.
1091 3157 1152 3213 743
1169 3153 1297 3215 eiusdem

150 3270 225 3320 cant.
250 3264 300 3330 48,
330 3263 381 3340 qui
411 3259 538 3318 iambum
569 3278 632 3317 esse
662 3266 781 3337 propter
810 3258 912 3317 ‘modo'
940 3262 1110 3337 suspicatur,
1139 3259 1208 3318 Aul.
1235 3262 1294 3319 135

150 3365 273 3426 15115555
295 3375 372 3426 15515
387 3363 538 3442 Wedding
563 3367 599 3421 11
625 3366 744 3422 creticos
763 3372 792 3434 -Ι-
810 3363 972 3423 clausulam
994 3368 1103 3423 statuit.
1135 3366 1218 3424 Trin.
1234 3369 1296 3425 250

150 3483 247 3533 autem
281 3472 404 3552 (A.P.):
437 3477 504 3530 ‘nox
527 3470 629 3530 11511111
660 3470 776 3529 ducitur
804 3470 916 3530 familia
937 3474 1007 3531 tota’
1034 3472 1157 3532 fortasse
1180 3472 1296 3554 syllaba

150 3598 257 3658 anceps
286 3581 317 3637 in
346 3578 438 3637 altera
469 3579 528 3635 arsi
559 3579 637 3635 tertii
661 3575 745 3654 pedis
768 3579 866 3635 cretici
896 3579 1057 3636 tetrametri
1080 3576 1120 3654 (id
1144 3585 1188 3637 est
1209 3580 1297 3657 primi

149 3682 234 3764 pedis
256 3692 322 3763 post
344 3680 505 3763 caesuram)
532 3680 658 3740 admissa
681 3690 731 3740 est.

224 3908 629 3980 1)5555151155550515,461
651 3908 812 3977 ‘sequimini
851 3910 935 3977 Leno,
965 3913 1030 3966 cave
1056 3910 1084 3964 in
1111 3916 1140 3966 15
1165 3910 1297 3967 55151515

150 4000 225 4057 mihi’
244 4001 337 4056 hiatus
356 4005 398 4055 est
417 4006 480 4069 post
498 4000 610 4063 verbum
628 3998 773 4053 iambicum
792 4000 885 4067 ι5515,
903 4000 969 4055 5155
982 4001 1295 4071 115515551551151203;

150 4091 226 4144 Asin.
247 4092 299 4144 762
318 4089 453 4159 ‘epistula’
467 4091 500 4143 ‘a’
521 4087 684 4158 productum
703 4105 828 4143 servasse
845 4106 880 4144 cx
899 4090 993 4159 lingua
1011 4092 1126 4158 Graeca,
1146 4090 1219 4158 quod
1237 4091 1298 4148 fieri

150 4196 232 4249 posse
245 4179 371 4249 Hopkins
384 4179 524 4248 (Harvard
542 4177 646 4232 studies
665 4178 705 4231 lX
724 4182 770 4247 97)
790 4178 938 4248 existimat,
957 4180 1104 4234 verisimile
1122 4179 1198 4235 nullo
1217 4179 1297 4235 modo

151 4273 202 4337 est,
222 4269 302 4324 immo
329 4268 450 4323 fortasse
469 4284 529 4321 cum
548 4267 640 4321 Leone
660 4271 702 4321 ‘ne
722 4257 842 4336 epistula
861 4258 970 4337 quidem
993 4269 1051 4323 ulla
1074 4270 1156 4323 sitin
1175 4269 1298 4324 aedibus’

151 4356 295 4427 legendum
315 4363 357 4412 est
375 4358 455 4412 hiatu
474 4358 546 4410 inter
565 4355 691 4423 ‘quidem'
711 4361 738 4410 et
758 4357 831 4412 ‘ulla’
846 4357 974 4428 admisso,
986 4359 1052 4413 item
1066 4359 1298 4415 Maurenbrecher

150 4450 214 4503 203.
235 4447 334 4503 Bacch.
361 4450 414 4503 894
432 4446 524 4514 Bergk
543 4445 601 4499 Leo
621 4444 669 4499 alii
688 4462 786 4499 nomen
805 4447 946 4501 ‘Latonae’
974 4445 1147 4502 tolerandum
1164 4464 1219 4502 non
1238 4462 1298 4501 5555

153 4541 262 4609 putant,
283 4536 347 4604 quia
366 4536 425 4591 sola
443 4534 589 4605 peregrina
607 4533 680 4588 inter
698 4533 764 4589 deos
784 4534 906 4604 deasque
924 4537 1063 4591 Romanos
1082 4539 1165 4589 extat.

1069 4632 1087 4693 3
