3200 5217
843 465 885 524 54

375 641 484 722 ‘Euge,
514 656 603 721 euge,
631 641 709 721 frugi
733 648 778 718 es',
808 640 949 725 Epidico,
983 643 1128 723 pugndati,
1151 643 1236 705 bomo
1259 644 1308 705 cs'
1330 640 1436 721 ubi,si

286 756 364 808 recte
385 749 514 823 mutavi,
545 748 578 807 ‘e'
601 750 729 809 vocativi
753 757 859 829 quarta
879 751 940 809 arsi
962 748 1136 829 productum
1167 759 1243 811 esset
1265 750 1347 811 velut
1369 749 1435 811 Cas.

289 857 350 913 134
384 855 431 913 ‘mi
464 854 608 926 animale,
638 857 679 913 mi
703 852 852 934 Olympio'
872 863 911 915 ‚et
933 854 988 935 Ep.
1013 858 1052 915 57
1083 856 1241 917 secundum
1271 877 1437 917 mensuram

286 960 395 1019 Leonis
427 962 516 1038 (cant.
551 962 610 1039 10).
626 959 765 1040 ‘Epidice
789 958 937 1039 perdidit',
954 963 989 1019 in
1019 964 1141 1021 creticis.
1185 963 1266 1041 (ante
1294 971 1437 1023 mutatam

286 1066 458 1146 personam).

708 1243 1018 1255 ——-—--..-....

730 1554 994 1641 VITA.

806 1740 926 1750 ——

377 1862 474 1921 Natus
503 1884 566 1922 sum
589 1864 785 1923 Hermann
808 1864 1038 1925 Jacobsobn
1060 1862 1087 1924 d.
1110 1864 1216 1926 XXX.
1248 1883 1336 1925 mens.
1360 1864 1438 1943 Aug.

289 1988 315 2027 a.
339 1971 419 2029 1879
443 1978 526 2048 patre
541 1970 679 2029 Moritzio
702 1978 795 2030 matre
810 1970 964 2031 Elisabeth
980 1979 1096 2049 egente
1118 1971 1303 2031 Heinemann
1326 1970 1439 2030 Luene·

288 2074 406 2152 burgae.
459 2073 547 2134 Fidei
579 2074 713 2135 addictus
747 2097 809 2135 sum
844 2079 995 2135 mosaicae.
1041 2076 1071 2135 A
1093 2076 1264 2155 parentibus
1285 2077 1344 2134 iam
1367 2096 1440 2155 puer

192 2218 195 2224 ·
290 2179 387 2239 studio
410 2183 542 2239 veritatis
565 2189 652 2262 atque
675 2202 773 2241 amore
796 2184 936 2242 scientiae
958 2179 1086 2241 imbutus
1108 2201 1162 2262 per
1178 2180 1330 2241 duodecim
1345 2202 1438 2240 annos

290 2289 475 2365 gymnasium
490 2286 678 2347 Johanneum
701 2290 732 2345 in
754 2287 826 2347 urbe
848 2289 944 2368 patria
966 2288 1158 2373 frequentavi,
1181 2286 1259 2347 unde
1281 2306 1349 2347 vere
1371 2288 1439 2346 anni

294 2394 376 2451 1898
399 2396 579 2452 maturitatis
601 2396 769 2453 testimonio
791 2396 950 2454 instructus
972 2373 1163 2471 Friburgam,
1194 2392 1297 2454 urbem
1319 2393 1438 2471 Brisgo·

290 2500 428 2572 viensem,
449 2501 582 2577 migravi.
629 2500 701 2559 Post
717 2521 806 2559 unum
822 2508 961 2559 semestre
975 2498 1145 2559 Berolinum
1166 2518 1214 2559 me
1236 2498 1354 2573 contuli,
1371 2518 1441 2558 vere

291 2611 386 2663 autern
409 2608 478 2663 anni
504 2607 587 2665 1900
601 2604 781 2683 Gottingam,
804 2608 918 2683 patriae
940 2608 1110 2685 provinciae
1133 2603 1321 2678 academiam,
1346 2612 1439 2663 trans-

290 2712 424 2787 migravi.
469 2710 515 2769 Ac
533 2714 626 2791 primo
651 2710 766 2791 quidem
790 2713 922 2771 semestri
945 2711 1054 2787 linguis
1077 2719 1107 2769 et
1128 2710 1234 2769 litteris
1257 2708 1442 2771 Germanicis

291 2817 433 2895 imprimis
455 2818 568 2891 vacavi,
591 2824 692 2895 postea
716 2815 821 2876 studiis
845 2816 1012 2893 linguarum
1034 2814 1341 2893 Indogermanicarum
1363 2816 1441 2875 litte-

291 2939 446 3000 rarumque
469 2920 647 2980 Graecarum
670 2929 700 2981 et
715 2921 886 2980 Latinarum
909 2940 1028 3000 operam
1050 2920 1127 2979 dedi.
1173 2919 1290 2980 Sodalis
1310 2920 1353 2980 foi
1375 2941 1441 2999 pro-

278 3029 437 3111 seminarii
455 3026 676 3105 Philologorum
691 3027 889 3085 Berolinensis
907 3046 960 3106 per
982 3030 1047 3100 tria,
1071 3028 1219 3086 seminarii
1236 3024 1441 3105 Gottingensis

290 3151 344 3211 per
365 3140 503 3211 quattuor
526 3136 684 3206 semestris,
708 3152 871 3212 perunum
894 3135 998 3191 senior.

380 3238 528 3313 Quantum
545 3238 678 3297 omnibus
693 3240 765 3296 viris
782 3237 885 3312 doctis,
902 3258 1025 3317 quorum
1041 3238 1157 3311 scholis,
1176 3238 1442 3313 exercitationibus,

292 3345 455 3402 seminariis
482 3352 515 3402 ut
537 3346 716 3418 interessem,
742 3343 816 3402 mihi
839 3363 1006 3403 concessum
1029 3352 1099 3417 erat,
1123 3342 1252 3417 debeam,
1274 3352 1359 3422 grato
1382 3347 1442 3404 ani-

292 3470 339 3508 mo
368 3448 470 3508 habeo.
516 3449 663 3507 Maximae
686 3458 782 3507 autem
806 3457 903 3527 grates
930 3470 986 3527 ago
1009 3448 1152 3509 Udalrico
1176 3446 1213 3507 de
1235 3448 1442 3523 Wilarnowitz,

292 3554 424 3613 Johanni
447 3532 587 3628 Schmidt,
610 3574 696 3634 quem
718 3557 875 3619 immatura
897 3562 991 3614 morte
1014 3557 1153 3613 scientiae
1177 3564 1308 3634 ereptum
1331 3574 1444 3634 semper

291 3657 418 3719 fideliter
441 3662 538 3719 animo
562 3660 701 3735 servabo,
732 3660 864 3720 Henrico
887 3658 1034 3735 Lueders,
1070 3663 1119 3741 qui
1151 3659 1221 3719 mibi
1254 3662 1286 3717 iu
1308 3659 1444 3718 omnibus

292 3765 379 3825 rebus
402 3764 518 3824 adiutor
537 3774 600 3825 erat
615 3768 816 3840 amicissimus,
839 3767 933 3826 Leoni
948 3766 1060 3845 Meyer,
1084 3764 1199 3825 Jacobo
1213 3764 1441 3843 Wackernagel,

293 3874 352 3951 qui,
375 3891 434 3950 qua
449 3879 516 3930 sunt
530 3871 720 3950 benignitate,
744 3892 858 3951 semper
876 3892 965 3952 opera
980 3880 1010 3931 et
1032 3870 1155 3929 consilio
1183 3889 1231 3929 me
1260 3869 1443 3946 adiuverunt,

293 3977 445 4037 Friderico
468 3978 537 4053 Leo,
563 3981 612 4058 qui
635 3998 687 4059 per
706 3999 791 4038 omne
813 3988 936 4059 tempus,
960 3997 1017 4057 quo
1033 3975 1196 4054 Gottingae
1217 3985 1350 4035 versatus
1372 3997 1443 4050 sum,

293 4103 340 4142 me
362 4086 392 4141 in
415 4082 512 4142 studia
533 4083 714 4163 philologiae
736 4084 950 4144 incumbentem
973 4082 1060 4141 duxit
1082 4084 1178 4161 iisque
1200 4084 1359 4161 prospexit,
1381 4081 1443 4142 Gu-

296 4189 392 4247 ilelmo
417 4186 549 4264 Schulze,
572 4193 654 4249 cuius
678 4198 710 4249 ut
732 4190 893 4269 discipulus
913 4208 981 4248 vere
1003 4190 1144 4262 nominer,
1168 4187 1301 4246 omnibus
1323 4186 1443 4261 viribus,

294 4302 328 4353 ut
349 4301 459 4374 potero,
483 4315 601 4373 operam
623 4294 720 4354 dabo..

715 4525 1026 4533 ——-————1
