3200 5217
862 440 902 523 so

304 638 353 700 Ab
375 640 468 700 altera
490 648 572 720 parte
593 644 698 700 mirum
720 662 777 701 non
811 650 872 717 est,
903 638 980 721 quod
1013 643 1090 701 inter
1120 614 1287 700 testimonia
1312 638 1352 699 ad
1380 617 1456 700 eom·

305 746 496 827 probandam.
509 750 659 807 metricam
681 746 902 827 productionem
925 749 956 806 in
986 745 1115 807 secunda
1144 754 1173 807 et
1196 755 1300 833 quarta
1322 748 1382 805 arsi
1404 744 1455 805 ad-

305 836 423 913 missam
444 852 534 913 allata
549 853 694 934 permulta
710 860 813 913 extant
827 852 916 913 verba
932 850 1081 933 dactylica
1103 852 1166 933 (aut
1176 852 1455 933 proceleusmatico),

305 959 357 1019 sed
379 957 417 1019 de
438 959 572 1020 versibus
594 958 676 1020 velut
698 960 775 1019 Men.
801 961 873 1035 877,
895 958 958 1019 Mil.
983 962 1057 1039 481,
1078 959 1160 1021 Pers.
1177 961 1248 1035 399,
1269 951 1370 1020 multis
1386 958 1455 1017 aliis

305 1064 406 1125 eodem
427 1064 515 1125 modo
537 1064 726 1125 iudicandum
749 1084 813 1126 osse
835 1075 924 1146 atque
957 1064 995 1125 de
1017 1064 1113 1125 verbis
1136 1065 1290 1146 dactylicis
1312 1064 1359 1124 bis
1380 1064 1454 1124 locis

303 1191 406 1232 versus
425 1172 530 1231 ¹ultima
561 1170 703 1250 producta
734 1174 863 1232 inventis
893 1192 947 1253 pro
978 1178 1056 1231 certo
1086 1170 1188 1233 habeo.
1239 1170 1327 1247 Quod
1357 1178 1455 1231 autern

304 1280 408 1339 attinet
431 1276 469 1336 ad
491 1279 633 1337 rationem
656 1280 895 1355 grammaticam,
923 1277 1012 1338 verba
1041 1276 1189 1357 dactylica
1210 1285 1360 1338 accentum
1381 1277 1454 1337 lavi·

304 1403 383 1443 orem
404 1391 519 1471 praeter
541 1391 692 1443 accentum
722 1386 754 1442 in
786 1383 1036 1464 antepaenultirna
1066 1387 1193 1464 positum
1223 1387 1255 1443 in
1276 1383 1378 1462 lingna
1399 1382 1454 1443 ha·

303 1490 402 1550 buisse
423 1488 566 1564 dicuntur,
590 1492 641 1570 qni
664 1489 718 1549 sub
733 1492 795 1549 ictu
810 1489 945 1549 ultimum
960 1488 1156 1571 produxisset.
1177 1497 1341 1570 repugnant
1357 1497 1454 1549 autem

304 1595 395 1656 verba
429 1595 577 1675 dactylica
609 1597 639 1655 in
675 1595 738 1654 ‘ua'
769 1594 933 1656 desinentia
964 1576 1043 1656 velut
1071 1597 1208 1677 ‘prosper’
1231 1616 1269 1655 ex
1290 1612 1454 1677 prosperos,

305 1690 395 1762 ‘liber'
419 1720 456 1761 ex
478 1700 621 1779 liberos(
658 1748 663 1759 .
688 1696 874 1784 ἐλεύθερος),
906 1703 1027 1781 ‘vesper’
1056 1722 1093 1763 ex
1115 1684 1252 1783 vesperos
1279 1699 1363 1777 nata,
1395 1698 1455 1775 ubi,

305 1811 329 1867 si
354 1805 561 1888 aliquomodo
585 1815 706 1867 accentu
728 1807 833 1867 ultima
855 1807 972 1889 syllaba
1002 1808 1079 1868 elata
1107 1808 1226 1884 fuisset,
1256 1801 1387 1867 vocalem
1409 1805 1455 1865 ul-

305 1918 394 1975 timae
416 1922 561 1973 servatam
582 1933 645 1973 esse
666 1933 783 1974 necesse
806 1910 923 1992 esset1).
968 1913 1291 1994 Nequeargnmentum
1305 1923 1357 1989 est,
1375 1910 1457 1993 quod

304 2020 377 2079 duas
412 2020 530 2078 ultimas
563 2017 693 2099 syllabas
727 2018 811 2079 verbi
846 2018 985 2099 dactylici
1019 2018 1114 2079 thesin
1144 2019 1262 2100 explere
1290 2039 1349 2079 non
1376 2018 1455 2093 lieet,

303 2114 399 2208 neque
422 2128 499 2185 eninr
522 2123 642 2184 dubium
667 2134 718 2200 est,
743 2128 814 2205 quin
835 2125 912 2185 banc
933 2124 1029 2203 legem
1050 2128 1201 2185 metricam
1222 2128 1257 2207 is,
1281 2127 1333 2205 qui
1354 2144 1455 2185 versus

304 2233 403 2292 Latini
426 2231 508 2309 leges
529 2234 732 2311 praescripsit,
763 2252 801 2291 ex
824 2230 957 2291 versibus
979 2229 1101 2291 Graecis
1123 2234 1312 2311 assumpserit
1333 2230 1381 2310 (cf.
1405 2230 1456 2293 W.

303 2340 407 2419 Meyer
429 2337 485 2397 ‘die
506 2336 711 2414 beobacbtung
734 2336 786 2397 des
809 2338 1008 2397 wortaceenta'
1030 2345 1085 2400 etc.
1112 2338 1173 2417 29).
1212 2337 1319 2413 Quare,
1348 2335 1456 2416 quibus

304 2445 376 2504 locis
398 2452 482 2504 extra
512 2444 592 2503 locos
624 2464 724 2503 versus
754 2465 771 2501 a
800 2464 847 2503 me
876 2452 1015 2503 tractatos
1037 2444 1128 2504 verba
1151 2443 1298 2525 dactylica
1319 2462 1457 2503 mensura

303 2554 409 2612 cretica
432 2558 560 2625 utuntur,
593 2569 642 2610 eos
665 2548 862 2611 emendandos
885 2570 948 2611 esse
971 2571 1076 2612 censeo
1087 2547 1120 2630 ²).
1178 2551 1226 2611 De
1245 2570 1333 2611 versu
1355 2548 1455 2610 Satur·

305 2660 374 2717 nino
397 2664 493 2715 autem
516 2654 563 2735 (ei.
586 2656 715 2716 Leonem
737 2654 842 2714 forseh.
868 2656 943 2735 309)
964 2656 1105 2716 iudicium
1128 2659 1247 2716 retineo.
1413 2735 1415 2740 Ι

391 2761 449 2823 Sed
473 2781 530 2842 quo
552 2760 640 2821 modo
662 2762 772 2822 lactum
795 2770 848 2836 est,
871 2770 905 2820 ut
926 2761 1051 2822 Plautus
1072 2762 1119 2821 bis
1138 2762 1211 2822 loeis
1223 2781 1325 2823 versus
1339 2761 1455 2821 hiatum

303 2877 332 2930 et
354 2869 497 2948 syllabam
521 2869 677 2947 ancipitem
700 2866 877 2943 admitteret,
908 2866 939 2926 id
962 2876 1015 2943 est,
1043 2876 1076 2928 nt
1098 2867 1226 2948 quodam
1247 2887 1352 2949 genere
1374 2866 1455 2928 diae-

302 2976 375 3035 resis
397 2972 549 3034 uteretur?
593 2973 701 3034 Poetae
723 2976 872 3034 scaenicos
887 2974 1021 3049 Latinos,
1045 2976 1095 3054 qui
1111 2976 1273 3035 trimetrum
1295 2972 1454 3033 iambicum

306 3079 451 3140 Graecum
484 3077 642 3139 secundum
678 3078 798 3158 linguae
832 3080 957 3139 Latinae
994 3087 1129 3139 naturam
1165 3079 1455 3154 transformaverunt,

302 3186 380 3245 hunc
401 3188 564 3245 trimetrum
586 3188 617 3244 in
639 3194 699 3245 tres
723 3185 859 3265 dipodiae
881 3183 1008 3245 divisum
1031 3185 1120 3245 fnisse
1149 3188 1321 3267 cognovisse
1346 3204 1454 3266 eosque

303 3295 461 3370 vestigium
483 3291 637 3351 divisionis
653 3290 784 3351 Graecae
805 3310 937 3351 servasse
959 3327 1003 3336 -
1025 3292 1086 3352 scil.
1110 3296 1181 3372 qnia
1203 3292 1327 3353 altemm
1347 3289 1454 3371 pedem

304 3396 441 3478 dipodiae
463 3405 578 3477 praeter
600 3400 724 3477 primum
755 3400 912 3477 septenarii
944 3397 1085 3457 trochaici
1107 3398 1198 3459 verbo
1221 3397 1379 3478 spondiaco
1402 3404 1454 3456 aut

304 3504 490 3582 anapaestico
534 3509 585 3561 aut
624 3500 714 3561 verbo
746 3504 777 3560 in
809 3500 971 3581 spondeum
1004 3510 1054 3564 aut
1086 3512 1278 3584 anapaestum
1305 3497 1454 3563 ¹desinenti

303 3609 381 3667 finiri
414 3615 569 3668 vetuerunt
594 3642 637 3653 -
660 3628 726 3667 curn
753 3608 808 3667 alii
836 3617 900 3667 turn
944 3608 993 3668 W.
1018 3609 1123 3688 Meyer
1144 3608 1175 3688 (l.
1192 3608 1210 3667 l.
1236 3612 1275 3668 36
1295 3600 1376 3688 adq.)
1405 3605 1455 3669 de*

302 3766 511 3779 m

396 3856 422 3926 1)
442 3854 477 3910 cf.
498 3854 619 3909 Sommer
638 3854 663 3909 J.
677 3853 707 3909 F.
730 3856 772 3922 11,
791 3854 827 3907 44
846 3869 886 3920 sq.
918 3868 981 3907 nam
1001 3852 1109 3909 etiamsi
1128 3852 1267 3910 Sommero
1289 3870 1345 3908 non
1367 3852 1453 3908 conti·

304 3946 352 4016 git,
364 3951 411 4022 οιιι
439 3945 514 4013 leges
542 3960 606 3999 suas
632 3942 666 3999 de
685 3960 805 4015 syncope
824 3942 989 3998 constitutas
1008 3944 1201 4013 comprobaret
1219 3976 1255 3984 -
1273 3942 1310 3998 ci.
1330 3943 1453 3998 Solmsen

298 4037 318 4090 I.
345 4039 376 4090 A.
394 4038 433 4104 15,
454 4038 505 4089 227
530 4064 564 4075 -
588 4039 679 4088 tamon
700 4040 775 4088 certe
791 4032 994 4089 concedendum
1007 4039 1116 4089 estnon
1135 4032 1230 4088 eadem
1243 4033 1351 4089 ratione
1369 4042 1453 4102 agor,

299 4125 389 4195 agros'
410 4131 438 4179 et
456 4129 589 4195 prosper,
609 4126 765 4193 prosperos’
779 4128 846 4178 nata
858 4139 927 4192 esse,
946 4128 1096 4192 propterea
1110 4122 1182 4193 quod
1194 4123 1263 4178 haec
1275 4123 1360 4179 verba
1372 4122 1404 4177 ‘e‘
1424 4122 1453 4177 in

299 4216 424 4271 omnibus
453 4214 560 4270 casibus
580 4213 736 4269 ostendunt.
783 4214 875 4281 Quare
904 4214 933 4267 in
961 4216 1127 4284 ‘prosperos
1154 4212 1311 4284 prosperi’,¹
1327 4218 1378 4269 etc.
1397 4228 1453 4267 non

298 4323 314 4362 e
334 4306 431 4361 elisum
451 4311 501 4373 est,
521 4304 570 4360 sed
589 4322 604 4360 ο
624 4304 746 4375 syllabae
764 4303 864 4359 finalis.

387 4398 416 4463 2)
434 4396 510 4451 Asin.
531 4400 584 4452 372
604 4398 676 4450 ‘mox
694 4411 755 4449 cum
773 4395 910 4451 Lauream
929 4394 1072 4463 imitabor,
1098 4399 1193 4451 caveto
1218 4410 1254 4451 ne
1273 4395 1452 4450 suscenseas’.

297 4487 412 4542 alteram
432 4485 608 4543 offensionem
635 4485 684 4541 dat
711 4500 840 4541 mensura
867 4483 990 4555 ‘anatot
1021 4501 1090 4554 quae
1118 4502 1199 4542 versu
1219 4486 1298 4555 capt.
1318 4488 1369 4547 431
1396 4500 1451 4545 non

299 4583 454 4635 excusatur.
