3200 5217
666 495 704 555 19

102 678 144 729 ut
159 670 282 732 mavelle
303 672 388 751 lupos
403 671 482 753 apud
505 676 568 732 ovis
589 673 739 753 linquere'.
769 673 908 733 ‘mavelis'
932 676 963 733 in
984 673 1043 736 fine
1066 675 1139 751 coli,
1160 672 1193 735 id
1215 684 1261 738 est

106 774 231 836 dimetri
254 777 396 837 trochaici
420 756 591 838 collocatum
622 787 675 839 est.
730 779 799 839 Uno
833 778 898 838 loeo
931 781 1068 841 ‘mavelis'
1102 785 1133 841 in
1163 781 1261 843 modio

103 901 199 941 versu
221 880 259 942 ab
281 882 311 943 A
333 891 363 943 01
383 884 409 942 P
432 882 572 942 traditum
593 894 654 943 est:
688 884 774 946 Trin.
799 886 861 943 306
885 885 1260 947 ι11111111110100000110-

103 988 185 1047 velit
203 994 237 1048 ut
259 1008 324 1049 eum
347 992 461 1047 animus
483 1009 605 1069 aequom
628 989 760 1063 censeat’,
782 988 835 1048 ubi
857 989 955 1050 ‘malit’
972 991 1157 1052 scribendum
1170 1003 1260 1074 atque

104 1092 226 1152 hiatum
249 1094 411 1172 legitimum
434 1098 466 1153 in
488 1094 611 1155 diaeresi
639 1094 782 1154 trochaici
809 1098 969 1175 septenarii
997 1105 1064 1176 post
1086 1098 1168 1159 ‘eum’
1191 1118 1259 1159 con-

104 1197 291 1258 stituendum
314 1220 377 1259 esse
397 1208 469 1280 puto
480 1197 514 1281 ¹).
699 1196 702 1201 ’

99 1384 103 1390 ι
196 1302 376 1385 Plerumque
407 1308 438 1364 in
468 1307 583 1365 senario
611 1304 702 1365 verba
736 1306 1097 1367 creticainfineversus
1120 1317 1260 1370 nutante

103 1407 245 1468 ultimam
267 1409 433 1491 dipodiam,
463 1429 550 1489 saepe
580 1413 613 1469 in
635 1413 797 1489 septenario
819 1409 965 1470 trochaico
987 1414 1019 1470 in
1041 1411 1148 1473 iisdem
1170 1416 1260 1493 parti-

102 1514 163 1572 bus
186 1524 240 1574 aut
261 1522 329 1575 ante
352 1516 473 1575 alteram
494 1515 591 1575 thesin
614 1516 756 1575 collocata
777 1524 853 1575 sunt
909 1516 1024 1591 Quare,
1056 1520 1083 1576 si
1112 1537 1260 1597 perpauca

104 1621 245 1700 exempla
268 1621 392 1680 alicuius
413 1620 550 1680 vocabuli
579 1630 698 1696 extant,
733 1642 807 1702 quae
840 1642 983 1701 nusquam
1014 1625 1072 1681 nisi
1106 1622 1154 1682 his
1186 1623 1259 1683 locis

102 1744 211 1785 versus
232 1729 430 1801 inveniuntur,
452 1726 537 1786 nobis
559 1726 721 1786 cavendum
744 1734 796 1801 est,
825 1745 863 1786 ne
884 1726 941 1784 hac
962 1746 995 1785 re
1017 1747 1258 1802 commoveamur,

102 1839 140 1889 ut
173 1834 234 1890 iam
266 1835 298 1891 in
327 1853 382 1891 usu
404 1833 524 1911 linguae
546 1833 702 1891 Plautinae
724 1832 798 1891 talia
820 1831 911 1892 verba
932 1834 1072 1892 inusitata
1093 1833 1181 1893 111000
1203 1855 1258 1914 pu·

103 1945 212 1997 temus.
269 1937 360 1998 Velut
392 1937 513 1997 dubium
543 1958 606 1998 esse
631 1939 704 1997 mihi
726 1937 859 2012 videtur,
893 1958 931 1996 an
950 1937 1076 1997 Plautus
1107 1943 1259 2019 antiquum

103 2046 221 2102 exitum
244 2046 470 2125 compositorum
484 2044 648 2119 verborum,
672 2046 755 2105 cuius
777 2044 899 2103 alteram
916 2053 1030 2123 partem
1044 2044 1259 2105 substantivum

201 2255 227 2324 l)
246 2254 342 2323 Nuper
361 2254 484 2310 Solmsen
503 2255 536 2310 Κ.
549 2255 578 2308 Ζ.
602 2258 645 2322 38,
668 2258 721 2309 450
740 2271 799 2323 sqq.
825 2254 965 2309 contendit
993 2254 1025 2310 ‘o’
1044 2255 1159 2310 alterins
1177 2256 1259 2327 sylla-

104 2342 161 2397 bae
179 2343 326 2398 verborum
344 2346 459 2413 mavolo,
478 2346 590 2400 Mavors
610 2362 742 2416 syncope,
763 2361 834 2411 quae
852 2343 969 2412 dicitur,
998 2343 1117 2399 deletum
1136 2361 1210 2413 esse,
1230 2347 1259 2400 in

102 2433 198 2487 maulo
218 2435 313 2488 Maurs
347 2441 438 2489 autem
458 2452 476 2489 u
495 2434 717 2501 dissimilatione,
747 2450 829 2501 quam
856 2435 966 2488 labialis
994 2435 1106 2489 verbum
1124 2436 1258 2505 incipiens

103 2523 237 2591 effecerit,
259 2525 410 2580 evanuisse.
448 2526 617 2593 Quamquam
636 2526 704 2579 haec
722 2524 795 2579 ratio
815 2524 971 2594 explicandi
989 2524 1070 2579 valde
1088 2525 1187 2595 placet,
1206 2543 1258 2596 ego

102 2619 199 2668 tamen
223 2614 345 2668 arbitror
364 2616 445 2669 etiam
464 2632 535 2668 nunc
554 2615 624 2668 nihil
642 2614 766 2683 obstare,
793 2614 937 2682 quominus
963 2614 1051 2669 ‘malo’
1071 2631 1106 2670 ex
1124 2617 1258 2686 ι1111011,

102 2703 201 2757 ‘Mars’
222 2720 257 2758 ex
276 2705 404 2759 ‘Mavors’
424 2710 491 2759 nata
510 2721 570 2759 esse
588 2703 745 2759 iudicemus.
792 2704 864 2758 Nam
890 2708 922 2757 ut
947 2705 1006 2761 ‘sol’
1030 2705 1258 2762 0100101001-

104 2798 230 2847 tractum
249 2794 286 2847 sit
306 2794 384 2865 (item
401 2811 474 2848 nunc
493 2810 602 2862 quoque
619 2794 798 2849 Kretschmer
816 2795 902 2861 Ζ.38,
918 2798 976 2861 132,
996 2795 1155 2864 Brugmann
1172 2796 1259 2852 kurze

105 2882 161 2950 vgl.
181 2899 295 2951 gramm.
318 2888 377 2952 105,
390 2888 458 2953 2023
478 2883 527 2937 sed
546 2884 581 2939 01.
601 2884 723 2938 Sommer
739 2883 793 2941 lat,
808 2900 849 2951 gr.
871 2887 930 2951 131,
957 2883 1119 2953 Eulenburg
1136 2884 1158 2940 1.
1170 2885 1201 2939 F.
1217 2889 1258 2954 15,

105 2975 157 3025 144
179 2973 238 3042 al),
262 2989 318 3027 non
346 2973 467 3028 eiusdem
493 2973 659 3027 condicionis
679 2978 721 3027 est
740 2975 809 3027 ‘avo'
827 2974 856 3027 in
876 2974 961 3027 savol’
980 2978 1063 3042 atque
1088 2974 1116 3027 11
1143 2975 1258 3030 ‘mavolo

105 3061 237 3116 ‘Mavors’
252 3079 287 3117 ex
299 3064 455 3131 ι1101101010,
474 3063 626 3131 Magsvors’
646 3064 707 3132 (aut
725 3079 760 3117 ex
772 3063 930 3132 ‘magevolo,
949 3062 1116 3132 Magevors’:
1130 3062 1166 3119 01.
1184 3082 1257 3121 nunc

104 3151 232 3207 Solmsen
251 3153 272 3207 I.
286 3155 319 3207 A.
335 3156 376 3219 15,
390 3156 454 3222 227)
473 3153 563 3221 10110,
590 3159 622 3207 ut
640 3153 719 3206 nobis
739 3168 846 3207 sumere
864 3152 960 3220 liceat,
990 3153 1084 3221 priore
1111 3159 1204 3209 aetate
1222 3171 1257 3209 ex

103 3244 200 3298 ‘-avo':
230 3244 284 3311 ‘-o’,
313 3243 467 3310 posteriore
486 3242 530 3296 ‘a'
551 3248 642 3296 ortum
661 3260 729 3298 0000.
774 3243 943 3311 Quamquam
962 3258 1020 3296 rem
1037 3243 1079 3298 ita
1096 3241 1184 3299 luisse
1202 3262 1257 3301 non

103 3330 201 3385 dicam.
240 3333 316 3401 Ergo
332 3332 393 3387 fieri
406 3333 505 3402 potuit,
524 3337 555 3386 ut
568 3332 633 3387 ‘avo'
654 3332 683 3385 in
703 3335 736 3387 ‘a’
759 3333 976 3401 contraheretur,
1001 3349 1061 3387 cum
1080 3332 1182 3403 110110,
1202 3350 1257 3389 ma·

102 3421 181 3476 velis'
201 3420 285 3489 (10100
305 3421 410 3476 iudicat
429 3422 543 3475 Ehrlich
560 3422 592 3475 K.
607 3422 636 3477 Ζ.
651 3426 693 3489 38,
707 3424 756 3492 65;
777 3420 813 3476 cf.
833 3421 908 3476 Stolz
927 3420 982 3476 ibd.
1001 3424 1078 3493 425),
1098 3424 1256 3479 ‘mavellem’

103 3518 290 3580 servarentur,
311 3512 401 3579 malo,
421 3512 553 3567 mavelim’
570 3518 620 3567 etc.
636 3517 727 3567 autem
740 3511 854 3567 ‘mavolo
873 3511 972 3565 malim'
990 3519 1177 3581 procrearent.
1214 3515 1257 3569 ln·

102 3602 220 3669 tellegas
241 3607 340 3670 autem,
354 3619 402 3657 cur
421 3602 543 3657 ‘mavolo'
562 3600 710 3656 euformis
729 3618 783 3655 non
802 3602 952 3657 contractis
973 3601 1191 3671 redintegratum
1210 3604 1256 3672 sit,

104 3690 152 3745 sed
171 3709 227 3747 non
246 3692 360 3747 ‘nevolo’
373 3698 423 3747 etc.
444 3692 592 3747 secundum
604 3692 696 3760 ί10110,
715 3691 825 3758 nevolt’,
844 3691 868 3746 si
881 3690 1046 3760 consideres,
1060 3709 1141 3761 quam
1159 3692 1256 3749 crebro

105 3782 246 3850 optativus
276 3782 417 3835 ‘mavelim'
445 3787 593 3850 usurpatus
622 3782 676 3837 sit:
706 3786 782 3836 extat
808 3779 882 3850 apud
900 3780 1027 3835 Plautum
1046 3786 1080 3836 37
1098 3782 1157 3850 ies,
1186 3784 1256 3852 conj.

103 3870 180 3939 impf.
202 3874 218 3925 9
239 3871 294 3938 100,
315 3876 411 3925 contra
430 3871 484 3925 ind.
505 3887 594 3940 praes.
615 3871 722 3937 22100,
751 3870 835 3925 semel
861 3868 918 3924 ind.
946 3868 997 3924 lut.
1020 3877 1049 3925 et
1072 3870 1129 3925 ind.
1150 3870 1202 3941 pf.;
1221 3870 1256 3926 de

106 3961 268 4015 ‘mavellem’
288 3960 322 4015 01.
343 3962 464 4015 Sommer
483 3961 503 4014 l.
517 3960 547 4015 F.
563 3965 604 4029 11,
618 3962 661 4027 57,
680 3960 730 4015 lat.
747 3976 788 4029 gr.
808 3962 868 4014 584.
887 3959 998 4014 Mavors
1016 3965 1141 4016 remanet
1157 3961 1187 4015 in
1205 3960 1258 4016 lin·

103 4065 157 4118 gua
180 4050 357 4105 sollemniora
376 4050 466 4105 cultus
485 4049 604 4104 deorum.
642 4050 774 4105 Fortasse
793 4049 932 4118 scriptura
944 4046 1070 4123 Μααρκος
1088 4047 1257 4125 Μααριελλος

102 4141 193 4197 titulis
213 4142 326 4197 Graecis
346 4142 401 4195 iam
421 4158 452 4195 eo
471 4148 594 4210 tempore
613 4141 752 4209 adhibita,
783 4158 837 4209 quo
856 4140 974 4195 Romani
999 4140 1120 4196 nondum
1145 4141 1257 4213 longam

103 4232 226 4286 vocalem
246 4231 356 4299 duplico
369 4232 458 4285 vocali
476 4231 732 4299 transscripserunt,
752 4229 798 4299 (cs.
814 4230 1010 4301 Dittenberger
1027 4231 1087 4303 syll.
1101 4232 1122 4287 1.
1133 4233 1143 4265 ¹
1156 4234 1209 4287 286
1227 4237 1256 4287 01

102 4322 167 4391 300)
186 4338 258 4389 quae
276 4322 348 4377 Osca
373 4337 428 4375 non
448 4337 508 4375 esse
526 4326 634 4389 potest,
663 4320 790 4389 quoniam
816 4318 851 4375 de
869 4320 1016 4387 Romanis,
1044 4337 1099 4377 non
1124 4320 1159 4377 do
1177 4321 1256 4377 Oscis

103 4412 207 4481 agium,
227 4416 257 4465 et
276 4427 346 4478 quae
372 4427 518 4479 numquam
544 4410 598 4464 nisi
620 4411 649 4463 in
667 4410 710 4464 his
729 4424 746 4463 a
765 4408 816 4464 deo
836 4411 927 4465 Marte
947 4409 1078 4465 derivatis
1101 4411 1255 4470 nominibus

102 4506 262 4571 usurpatur,
282 4502 384 4557 vocalis
404 4518 438 4555 ex
457 4500 643 4555 contractione
656 4505 730 4567 nata,
744 4515 814 4567 quae
826 4500 911 4555 habet
922 4499 1128 4570 ‘zveigipfligen
1141 4502 1255 4570 accent',

103 4590 281 4663 significatur.
312 4591 346 4647 01.
366 4590 457 4648 falisk.
478 4596 587 4646 vootum
607 4591 628 4645 1.
641 4590 661 4645 I.
676 4590 697 4645 1.
712 4593 754 4647 70.

1010 4684 1054 4745 2*
