3200 5217
883 390 901 455 2

274 611 276 615 -
322 565 429 650 quibus
457 569 580 629 verim
609 574 641 628 in
670 590 714 629 -nr
738 572 840 630 exieras
861 579 928 629 arcte
949 571 1082 629 ultimam
1106 570 1254 651 dipodiam
1277 572 1426 630 invenitur
1436 562 1474 647 ¹).

322 674 431 735 Contra
453 672 579 754 Klotz&
610 679 642 733 in
671 676 718 735 his
747 677 890 756 exemplis
914 684 1047 755 quartam
1070 679 1161 734 araim
1182 680 1291 736 senan‘i
1324 676 1368 754 (et
1397 680 1473 735 item

321 789 433 841 sextam
458 784 631 860 septenarii,
662 786 775 860 ‘quarta
798 782 866 839 arsi'
888 782 989 840 ambus
1011 782 1196 859 significabo)
1225 782 1330 840 ultima
1352 781 1474 861 syllaba

320 885 404 945 verbi
426 886 546 945 iambici
565 896 616 945 aut
630 889 737 961 cretici,
760 886 839 966 quod
861 894 929 945 aute
952 886 1083 946 vocalem
1108 887 1299 962 breviaretur,
1322 897 1352 947 et
1372 890 1473 968 prima

322 992 439 1070 syllaba
460 990 543 1051 verbi
566 995 713 1071 sequentis
736 992 869 1052 effectam
900 1012 963 1052 esse
994 1001 1084 1071 putat.
1139 993 1198 1053 Sed
1228 1014 1294 1052 cum
1325 1012 1473 1073 nusquam

321 1099 380 1155 nisi
402 1096 458 1156 hoc
480 1097 545 1156 loco
568 1117 670 1157 versus
692 1100 806 1172 senarii,
829 1107 862 1157 ut
882 1100 1000 1157 interim
1022 1101 1168 1157 senarium
1191 1099 1286 1157 solum
1305 1101 1471 1178 respiciam,

322 1202 391 1261 talis
413 1202 510 1262 hiatus
533 1202 659 1263 traditus
683 1206 738 1277 sit,
770 1203 907 1261 Plautum
939 1204 1051 1262 hiatum
1085 1206 1116 1261 in
1148 1206 1206 1261 arsi
1235 1204 1408 1263 collocatum
1438 1206 1473 1261 in

321 1310 436 1367 senario
469 1308 551 1367 nullo
581 1309 640 1367 alio
663 1308 727 1367 loco
761 1306 930 1383 admisisse,
963 1311 990 1367 si
1019 1328 1122 1368 revera
1155 1309 1211 1368 hoc
1243 1309 1307 1368 loco
1341 1308 1472 1381 admisit,

321 1414 423 1473 elucet.
476 1414 542 1491 Ego
574 1412 691 1493 quidem
714 1413 808 1473 fateor
829 1434 875 1473 me
898 1435 958 1472 non
980 1414 1166 1496 intellegere,
1198 1434 1249 1473 cur
1278 1423 1382 1494 poetae
1411 1433 1473 1472 non

320 1519 437 1577 licuerit
458 1538 574 1579 versum
596 1518 679 1579 velut
700 1520 756 1578 hoc
778 1518 866 1577 modo
888 1522 1018 1599 incipere
1040 1520 1119 1577 ‘mihi
1144 1520 1244 1599 aliqua
1266 1522 1345 1579 intus
1362 1564 1462 1578 .....
1464 1516 1472 1542 ’

321 1624 389 1699 Qua
411 1644 442 1683 re
463 1622 502 1685 de
532 1626 614 1683 hiatu
648 1624 857 1684 vocabulorum
886 1625 1077 1705 complurium
1110 1624 1306 1704 syllabarum,
1346 1644 1471 1704 quarum

321 1730 426 1789 ultima
448 1728 582 1790 breviata
604 1734 730 1810 priorem
753 1730 898 1809 syllabam
920 1732 994 1789 arsis
1016 1730 1130 1790 solutae
1153 1730 1269 1805 efficiat,
1293 1739 1390 1790 actum
1413 1738 1469 1789 est.

321 1835 414 1895 Plane
430 1837 508 1895 enim
530 1836 590 1894 alia
612 1855 658 1895 res
681 1844 732 1911 est,
755 1838 781 1893 si
804 1835 947 1895 vocabula
970 1836 1182 1915 monosyllaba,
1205 1839 1327 1916 quaein
1349 1836 1486 1922 longam<

321 1941 453 2000 vocalem
485 1949 609 2015 exeunt,
642 1944 768 2020 priorem
797 1941 943 2019 syllabam
972 1944 1047 2000 arsis
1077 1942 1190 2001 solutae
1225 1942 1369 2015 efficiunt,
1400 1943 1472 2020 quia

321 2043 466 2104 vocabula
480 2044 683 2124 monosyllaba
699 2045 833 2105 enclitica
856 2065 975 2105 esse-
991 2046 1073 2105 velut
1087 2050 1113 2105 si
1137 2046 1257 2106 verbum
1278 2045 1472 2127 spondiacum

322 2158 373 2209 aut
396 2154 613 2231 anapaesticum
636 2154 668 2209 in
683 2149 812 2211 secunda
828 2160 878 2209 aut
900 2160 1006 2230 quarta
1020 2155 1079 2210 arsi
1099 2154 1217 2232 senarii,
1240 2153 1301 2215 scil.
1317 2155 1347 2211 in
1365 2159 1472 2231 quarta

322 2263 352 2315 et
374 2264 459 2315 sexta
480 2264 551 2336 sept.
575 2256 665 2315 troch.
691 2256 867 2314 collocatum
896 2255 1040 2315 vocabulo
1070 2257 1274 2336 monosyllabo
1303 2256 1472 2329 succedenti

321 2371 478 2421 excusatur
498 2394 543 2406 -
566 2370 616 2421 aut
638 2361 790 2441 proclitice
813 2382 879 2420 cum
894 2362 983 2421 verbo
999 2365 1132 2441 sequenti
1151 2366 1289 2441 coniungi
1303 2371 1424 2443 possunt
1432 2358 1469 2441 ³).

320 2465 378 2527 Sed
404 2470 493 2527 etiam
506 2467 596 2527 verba
618 2476 686 2527 ante
708 2467 841 2526 ultimam
865 2467 1014 2547 dipodiam
1037 2469 1178 2528 collocata
1195 2489 1282 2549 saepe
1296 2472 1340 2528 ita
1354 2468 1469 2527 hiatum

322 2572 479 2653 praebent,
513 2581 546 2632 ut
576 2572 666 2632 thesis
697 2572 782 2651 pedis
807 2575 903 2653 quinti
926 2574 1022 2632 soluta
1044 2576 1178 2649 nonsit,
1212 2577 1294 2633 cuius
1317 2577 1358 2634 rei
1380 2573 1470 2633 docu-

321 2692 420 2743 menta
443 2683 532 2743 affero
555 2683 642 2743 haec:

408 2788 515 2868 Amph.
542 2792 611 2847 141.
635 2792 673 2847 ‘et
695 2807 804 2863 servos,
827 2791 909 2846 cuius
931 2806 986 2865 ego
1009 2788 1085 2847 hanc
1111 2788 1172 2847 ferd
1195 2786 1370 2865 imaginem’
1416 2790 1468 2867 qui

321 2914 423 2954 versus
445 2897 521 2954 inter
543 2894 616 2952 ahos
637 2896 787 2953 invenitur
808 2893 1026 2971 (lat-152),
1055 2895 1105 2973 qui
1127 2913 1214 2973 saepe
1237 2894 1350 2954 hiatum
1372 2902 1469 2953 osten-

212 3036 213 3041 κ
323 2999 396 3059 dunt
404 2996 438 3075 ⁴),
461 2998 514 3059 sed
536 3000 648 3058 hiatum
670 3009 738 3079 post
760 3002 848 3058 araim
870 2998 1011 3057 traditum
1032 2998 1110 3057 solus
1136 3003 1194 3057 141
1219 2996 1380 3079 praebat).

410 3105 475 3165 Cas.
501 3108 518 3165 2
548 3104 641 3164 ‘fidem
667 3108 716 3185 qui
747 3105 845 3165 facitis
866 3106 1011 3178 maxumi,
1045 3113 1075 3163 et
1102 3125 1155 3163 vos
1177 3104 1282 3164 Fides'.
1339 3104 1469 3165 Skutsch

323 3211 440 3291 quidem
464 3207 532 3293 (Rh.
556 3231 627 3270 mus.
655 3213 710 3285 55,
743 3214 804 3270 275
821 3210 894 3290 squ.)
917 3207 1004 3293 (ego)
1027 3218 1093 3290 post
1115 3210 1161 3269 ‘et’
1191 3212 1333 3288 iniungit,
1364 3209 1470 3269 Fidem

320 3319 416 3396 ipsam
438 3316 589 3395 prologum
612 3315 722 3374 dixisse
745 3314 931 3375 contendens.

410 3420 469 3483 Sed
492 3441 667 3501 quamquam
690 3419 719 3480 id
744 3420 808 3479 fieri
828 3415 916 3501 posse
939 3440 997 3479 non
1019 3439 1112 3497 nego,
1142 3454 1185 3462 -
1217 3440 1284 3477 nam
1314 3419 1352 3478 ad
1384 3438 1469 3498 quem

323 3528 471 3607 pertinent
493 3546 595 3585 versus
619 3529 637 3585 3
662 3534 691 3586 et
715 3529 733 3583 4
757 3528 964 3605 potiusquam
987 3525 1026 3583 ad
1039 3524 1143 3584 Fidem
1166 3522 1283 3604 ipsam?
1306 3558 1347 3566 -
1371 3530 1469 3583 tamen

320 3639 372 3694 vix
395 3635 473 3695 credi
504 3644 601 3716 potest
630 3636 687 3694 hoc
719 3634 805 3695 modo
827 3634 932 3694 Fidem
956 3655 974 3692 a
996 3641 1081 3713 poeta
1102 3635 1135 3690 in
1162 3653 1297 3693 scaenam
1318 3631 1469 3693 inductam
1571 3691 1572 3698 ,

323 3760 392 3801 esse.
450 3741 634 3821 Ubicumque
666 3744 743 3801 enim
773 3740 845 3799 deus
867 3748 918 3799 aut
940 3738 997 3799 dea
1024 3738 1178 3817 prologum
1207 3737 1295 3812 dicit,
1324 3741 1470 3818 expressis
1571 3761 1572 3768 ¹

414 3950 441 4019 1)
460 3948 584 4017 exempla
601 3948 631 4001 in
645 3952 669 4003 A
682 3949 743 4003 etP
762 3947 868 4003 tradita
885 3946 946 4003 vide
965 3946 1040 4016 apud
1058 3945 1177 4001 Leonem
1196 3947 1310 4001 Forsch.
1329 3946 1423 4002 4adn.
1443 3952 1469 4003 2.

409 4039 438 4109 2)
457 4038 561 4092 Metrik
581 4042 630 4093 132
651 4054 709 4107 squ.
737 4066 747 4073 ,.

409 4128 437 4198 3)
457 4127 492 4181 cf.
513 4127 633 4183 Leonem
650 4128 752 4183 torach.
773 4131 833 4183 309.

409 4218 438 4288 4)
458 4216 492 4272 ef.
513 4216 614 4272 Leonis
633 4217 725 4273 adnot.
746 4217 788 4272 ad.
811 4221 870 4273 134.

411 4307 440 4376 5)
459 4307 579 4375 hiatum,
608 4324 688 4375 quem
713 4313 777 4377 post
802 4308 915 4362 verbum
933 4307 1079 4362 iambicum
1098 4312 1254 4376 correptum
1273 4303 1402 4362 Plautum
1421 4304 1468 4362 ad·

320 4395 426 4451 misisse
454 4396 600 4451 verisimile
623 4403 681 4466 est,
709 4396 757 4468 (cf.
776 4398 897 4453 Leonem
917 4398 1029 4451 Forsch.
1056 4400 1108 4451 309
1135 4402 1163 4451 ct
1192 4396 1254 4452 adn.
1273 4400 1299 4465 2,
1312 4397 1377 4467 318)
1405 4403 1470 4466 post

320 4486 431 4543 verbum
449 4486 595 4542 iambicum
613 4504 668 4541 non
687 4494 844 4557 correptum
864 4493 947 4557 poeta
965 4487 1010 4541 vix
1029 4485 1147 4543 admisit.
