3200 5217
117 632 177 690 sius
200 627 284 692 Stud.
309 626 385 689 stud.
408 627 481 689 113
505 650 569 710 sqq.
593 628 641 709 (ct.
665 629 757 689 Klotz
780 632 842 689 232
866 629 933 711 sqq)
964 627 1183 711 comprobavit,
1214 623 1267 690 sed

117 735 260 817 syllabam
290 736 410 796 alteram
433 735 569 795 vocabuli
592 734 791 815 pyrrhichiaci
813 757 867 815 pro
894 736 984 815 longa
1005 744 1175 816 usurpatam
1197 754 1268 812 esse,

116 848 148 905 ιιι
169 840 313 903 vocabulo
336 844 522 923 anapaestico
555 848 584 901 et
615 841 741 901 iambico
771 862 874 901 versus
896 842 1036 903 finiretm.
1094 840 1181 914 Quod
1204 842 1269 903 fieri

115 926 201 1026 posse
218 950 324 1027 negari
347 947 506 1007 nonlicet
552 943 611 1006 Sed
634 949 704 1027 quia
726 955 843 1007 constat
865 967 964 1007 omnes
986 967 1064 1007 arses
1087 946 1166 1027 apud
1181 947 1269 1007 Plau-

19 1078 20 1123 ,
115 1062 177 1113 tum
199 1055 257 1113 nisi
278 1052 489 1134 paenultimam
518 1054 562 1111 ita
590 1050 715 1112 dissolvi
744 1073 831 1133 posse
852 1055 884 1113 in
904 1050 980 1113 'duas
1001 1052 1106 1113 breves
1129 1052 1269 1133 syllabas,

19 1220 20 1231 ,
115 1166 149 1218 ut
169 1159 273 1219 ultima
295 1158 377 1219 verbi
401 1157 599 1219 antecedentis
631 1166 661 1219 et
692 1162 787 1239 prima
818 1158 903 1219 verbi
930 1162 1078 1238 sequentis
1107 1159 1295 1219 efficiantur-

19 1250 20 1255 *
116 1263 163 1343 (cf.
188 1264 280 1325 Klotz
304 1266 366 1325 257
390 1285 453 1346 sqq.
466 1260 490 1344 ¹)
499 1259 520 1345 l,
549 1262 667 1324 decerni
690 1273 866 1347 nonpotest,
888 1273 955 1326 utra
976 1268 1089 1325 ratione
1112 1265 1269 1325 secundam

19 1380 20 1439 ἲ
116 1378 145 1430 et
167 1378 302 1451 quartam
325 1373 405 1431 arsin
425 1370 486 1451 legi
508 1373 694 1432 accessesit.

204 1477 337 1539 Dubium
369 1498 429 1537 non
462 1484 522 1553 est,
553 1480 626 1558 quin
647 1477 772 1537 Plautus
805 1477 863 1537 hoc
891 1476 978 1537 modo
1008 1477 1099 1538 verba
1121 1476 1269 1559 dactylica

117 1591 240 1643 accentu
274 1584 426 1661 extulerit,
459 1582 492 1643 id
524 1582 602 1664 quod
631 1583 778 1664 prioribus
799 1583 980 1663 temporibus
1001 1584 1087 1644 multi
1108 1587 1167 1645 viri
1188 1583 1269 1644 docti

116 1696 304 1767 negavenmt.
360 1688 418 1749 Sed
448 1688 539 1749 verba
571 1687 719 1769 dactylica
751 1709 805 1769 pro
837 1691 952 1749 creticis
982 1698 1100 1769 poetam
1128 1709 1272 1770 usurpare

117 1797 255 1873 potuisse,
278 1803 312 1855 ιιι
334 1796 395 1855 Leo
417 1794 472 1855 sub
495 1803 578 1855 textu
600 1794 701 1854 multis
723 1795 804 1870 locis,
825 1795 924 1856 Plaut.
946 1796 1053 1855 forsch.
1073 1798 1133 1855 309
1156 1795 1222 1856 adn.
1239 1800 1269 1871 4,

19 1906 21 1947 1
118 1900 363 1962 Maureubrecher
386 1904 448 1961 214
472 1900 665 1975 contendunt,
696 1920 790 1982 usque
820 1900 858 1959 ad
890 1901 947 1961 hoc
975 1910 1091 1982 tempus
1116 1921 1172 1962 nec
1192 1923 1269 1962 com-

116 2005 273 2086 probatum
295 2014 340 2067 est
361 2026 416 2067 nec
439 2005 622 2086 comprobari
644 2025 732 2087 posse
753 2014 834 2086 puto.
888 2005 1073 2087 Quamquam
1102 2010 1180 2067 enim
1202 2007 1270 2067 aliis

117 2110 191 2171 locis
212 2132 315 2171 versus
338 2112 480 2172 nonnulla
512 2110 561 2171 vel
590 2131 685 2191 pauca
714 2111 851 2192 exempla
877 2112 963 2171 huius
984 2130 1137 2173 mensurae
1159 2120 1269 2189 extant,

19 2254 20 2289 ,
117 2216 200 2277 velut
222 2216 331 2299 Amph.
355 2220 434 2278 439:

206 2323 274 2384 ‘Ubi
297 2342 352 2403 ego
375 2324 458 2384 Sosia
481 2324 573 2383 nolim
595 2343 673 2400 esse,
701 2332 735 2384 tu
758 2331 821 2383 esto
845 2342 915 2383 sane
937 2322 1039 2400 Sosia',
1066 2323 1155 2403 longe
1176 2324 1270 2403 plera-

19 2498 20 2509 ,
119 2447 184 2507 que,
206 2431 232 2488 si
254 2428 371 2509 syllaba
393 2430 497 2490 ultima
518 2428 602 2491 verbi
624 2428 766 2509 dactylici
787 2432 820 2488 in
834 2448 922 2489 versu
936 2430 1027 2508 longa
1045 2437 1096 2504 est,
1118 2432 1161 2489 ita
1183 2430 1271 2489 collo·

19 2512 20 2575 i
120 2542 186 2593 cata
208 2542 284 2610 sunt,
307 2542 341 2595 ut
363 2538 394 2595 in
416 2534 545 2596 secunda
567 2544 618 2595 aut
641 2521 827 2617 quarta'arsi
841 2535 946 2594 ultima
965 2534 1082 2615 syllaba
1097 2537 1270 2611 inveniatur,

20 2642 22 2681 l
119 2639 254 2699 velutin
276 2641 484 2717 Menaechmis,
512 2662 570 2722 qua
592 2644 623 2701 in
646 2641 748 2701 fabula
769 2645 941 2720 praesertim
963 2640 1111 2721 dactylica
1134 2662 1188 2723 pro
1211 2662 1271 2701 cre·

120 2747 186 2805 ticis
209 2755 395 2829 usurpantur,
417 2755 533 2827 praeter
556 2745 691 2827 exempla
713 2749 744 2805 in
766 2745 895 2806 secunda
916 2755 947 2807 et
968 2755 1074 2826 quarta
1096 2748 1153 2805 arsi
1176 2748 1273 2827 posita

120 2872 210 2911 unum
240 2872 304 2914 csse
333 2861 430 2934 potest
460 2856 492 2911 in
523 2853 586 2912 colo
608 2852 702 2931 lyrico
729 2855 790 2911 762
815 2850 903 2933 ‘quod
923 2852 985 2911 filia
1006 2853 1067 2927 sic',
1101 2850 1153 2912 sed
1185 2855 1273 2912 nimis

121 2960 264 3019 incertum
287 2968 340 3034 eet,
361 2980 432 3019 num
454 2979 486 3019 re
508 2978 578 3019 vera
600 2961 642 3019 ite
665 2958 793 3019 dimetiri
815 2958 889 3019 haec
911 2958 1003 3019 verba
1024 2957 1110 3019 nobis
1135 2979 1207 3038 opus
1226 2962 1273 3018 sit.

122 3063 199 3125 Sane
221 3063 354 3152 Plautus
377 3064 538 3125 secundum
567 3072 703 3125 naturam
732 3083 835 3124 versus
864 3064 1035 3145 plerumque
1057 3064 1149 3124 verba
1172 3064 1273 3144 dacty-

123 3168 182 3227 lica
204 3178 234 3229 et
255 3169 523 3249 proceleusmatica,
546 3173 605 3229 nisi
626 3172 658 3229 iu
679 3170 738 3230 fine
759 3190 862 3231 versus
885 3169 1043 3228 collocavit
1064 3178 1115 3229 aut
1131 3170 1222 3230 verba
1243 3174 1275 3229 in

122 3274 254 3335 vocalem
276 3274 441 3337 desinentia
462 3279 520 3353 ita,
551 3284 585 3336 ut
614 3284 682 3336 ante
705 3285 874 3358 sequentem
894 3275 1027 3335 vocalem
1049 3276 1162 3335 vocalis
1185 3274 1274 3335 elide·

122 3387 209 3456 retur,
231 3383 275 3441 ita
296 3384 402 3463 posuit,
425 3390 458 3441 ut
480 3381 583 3442 ultima
606 3382 723 3463 syllaba
745 3385 778 3442 in
793 3381 951 3443 secundam
972 3390 1023 3442 aut
1040 3389 1172 3463 quartam
1195 3384 1275 3441 arsin

124 3486 240 3549 caderet
251 3483 284 3568 ²),
307 3487 454 3549 sedeatis
476 3489 677 3569 exemplorum
698 3490 869 3568 praesertim
889 3490 921 3547 in
945 3491 1109 3567 septenario
1126 3489 1275 3548 trochaico

22 3632 23 3641 ι
123 3601 251 3670 extantq
278 3593 330 3654 ubi
362 3613 450 3677 saepe
481 3596 636 3655 transitum
667 3592 788 3655 secundi
818 3592 902 3675 pedis
930 3592 968 3653 ad
997 3596 1115 3655 tertium
1137 3594 1275 3656 efficiunt.

215 3839 242 3907 1)
263 3835 335 3906 quod
362 3836 396 3893 de
421 3837 544 3893 omuibus
564 3835 710 3909 generibus
729 3836 875 3893 verborum
903 3837 977 3893 valet
995 3854 1084 3907 neque
1102 3839 1276 3909 excipiuntur

125 3926 209 3985 verba
237 3924 374 3998 dactylica
403 3927 449 3998 [de
478 3928 569 3984 verbis
597 3927 739 3999 dactylicis
768 3926 804 3982 cf.
823 3926 969 3998 Niemeyer
993 3926 1029 3983 ad
1054 3928 1112 3984 Mil.
1133 3928 1207 3984 Glor.
1227 3928 1275 4001 27]

126 4021 174 4071 aut
192 4017 375 4087 tribracchia,
402 4033 566 4087 quamquam
590 4018 659 4073 haec
682 4018 844 4087 plerumque
862 4017 891 4071 in
910 4016 1030 4073 secunda
1056 4023 1084 4073 et
1102 4020 1278 4085 quarta'arsi

125 4106 176 4161 hoc
195 4106 275 4161 modo
295 4123 356 4161 cum
378 4108 461 4162 verbo
476 4108 602 4177 sequenti
621 4108 840 4177 coniunguntur,
859 4107 894 4162 cf.
912 4107 942 4161 in
959 4106 1049 4162 medio
1060 4124 1159 4166 versu:
1176 4108 1277 4167 ‘dicere

125 4199 208 4251 stnex
237 4194 308 4251 Rud.
331 4201 407 4266 1119,
436 4198 498 4253 Aul.
519 4201 572 4252 764
599 4197 706 4266 ‘edepol
730 4214 789 4267 ego,
818 4196 890 4252 Rud.
912 4200 981 4253 1219
1000 4198 1047 4251 ‘Et
1069 4204 1118 4253 tua
1146 4197 1203 4254 filit
1231 4198 1277 4255 ft-

128 4286 182 4340 cito
202 4289 279 4355 oret’,
311 4287 363 4357 Ep.
384 4291 437 4343 334
457 4286 571 4356 ‘aliquid
588 4288 681 4356 tliquo
709 4286 808 4357 modo’,
835 4287 920 4343 Merc.
940 4291 993 4343 912
1013 4291 1106 4357 ‘puers
1130 4291 1207 4357 ceps
1232 4288 1278 4361 (de

133 4376 383 4445 proceleusmatiois
402 4378 454 4433 hoo
466 4376 546 4433 modo
559 4376 685 4435 formatis
697 4376 759 4433 vide
770 4377 895 4447 Ahlberg
913 4376 956 4432 ‘de
969 4377 1081 4447 procel!
1093 4382 1127 4433 32
1140 4381 1211 4451 sqq.)
1226 4387 1277 4438 etc.

217 4468 247 4538 2)
267 4467 390 4525 velutin
409 4468 487 4523 Caro.
507 4468 559 4538 Ep.
579 4468 652 4525 Men.
671 4468 701 4523 in
719 4485 774 4524 uuo
792 4483 875 4525 versu
894 4468 948 4523 alio
967 4467 1027 4522 loco
1046 4470 1148 4523 senarii
1166 4471 1278 4525 verbum

129 4554 293 4630 dactylicum
310 4556 465 4615 invenitur:
485 4557 562 4613 Cure.
582 4561 642 4613 993.

1031 4653 1053 4714 4
