3200 5217
598 466 745 549 waa

153 620 246 703 Atqui
262 622 479 703 Wackernagel
491 620 515 701 ¹)
538 643 691 705 personam
710 624 832 685 alteram
852 625 976 706 pluralis
999 629 1109 706 passivi
1132 625 1304 706 ‘sequimini’

154 729 244 791 fuisse
259 730 445 806 infinitivum,
462 734 512 811 qui
528 751 564 791 ex
588 736 685 811 ‘seque
704 766 746 775 —
762 733 867 791 menai'
891 741 971 792 ortus
984 736 1031 807 sit,
1047 742 1151 793 censet.
1188 731 1304 792 Eodem

154 834 240 895 modo
250 837 322 894 mihi
331 837 488 897 verisimile
496 846 539 898 est
548 842 686 917 ‘sequere’
698 858 735 897 ex
747 838 893 897 infinitivo
902 838 1011 897 factum
1020 859 1082 899 esse
1089 842 1302 919 imperativum.

156 941 242 1017 Quod
265 942 332 1000 aliis
355 946 451 1003 causis
474 952 633 1003 commotus
654 946 714 1001 iam
737 944 816 1003 Stolz
840 943 949 1023 (Wien.
971 944 1049 1005 stud.
1069 945 1117 1003 IX
1136 947 1211 1020 303)
1235 964 1303 1003 con-

156 1047 258 1122 tendit,
290 1052 339 1127 qui
363 1048 501 1107 dubitans
525 1049 585 1109 ‘se'
608 1052 780 1130 imperativi·
802 1053 913 1131 passivi
937 1050 1037 1108 Latini
1061 1071 1126 1109 eum
1149 1051 1216 1111 ‘ocu'
1240 1050 1304 1108 infi-

156 1157 243 1213 nitivi
268 1154 383 1230 Graeci,
415 1156 478 1219 ‘se'
501 1155 593 1234 (velut
616 1160 647 1214 in
664 1157 757 1235 jeqe)
788 1155 939 1214 cuiusdam
969 1159 1066 1215 exitus
1088 1156 1227 1215 infinitivi
1249 1157 1304 1215 lin-

155 1280 230 1341 guae
246 1259 375 1321 Vedicae
391 1270 443 1321 etc.
460 1262 578 1321 confert.
625 1261 684 1322 Sed
698 1261 767 1321 licet
783 1262 858 1321 haec
879 1261 1024 1321 derivatio
1047 1262 1162 1339 legibus
1184 1263 1303 1339 linguae

155 1367 280 1425 Latinae
303 1377 452 1447 repugnet,
475 1376 573 1427 tamen
595 1369 670 1427 nihil
693 1368 825 1449 impedit,
847 1371 1003 1448 quonimus
1021 1369 1158 1448 ‘sequere’
1182 1368 1304 1428 eandem

155 1474 277 1533 formam
309 1495 371 1535 esse
401 1483 488 1555 atque
517 1476 695 1535 infinitivum
726 1478 815 1534 activi
838 1476 950 1553 ‘legere'
974 1496 1011 1535 ex
1038 1477 1151 1553 lege-si,
1174 1474 1303 1535 locativo

156 1579 313 1658 singularis
336 1584 436 1660 stirpis
459 1604 497 1641 -s·
519 1583 620 1641 finitae
642 1580 815 1655 derivatum,
831 1584 881 1661 qui
905 1581 1068 1640 infinitivus
1092 1580 1140 1658 (de
1161 1602 1217 1640 usu
1237 1581 1303 1640 infi-

155 1688 243 1744 nitivi
265 1686 471 1747 Bartholomae
493 1689 516 1747 I.
533 1690 567 1746 F.
583 1689 617 1745 ΙΙ
634 1692 693 1747 276
720 1686 795 1767 sqq.)
818 1690 848 1745 in
874 1686 976 1764 lingua
994 1686 1108 1746 Vedica
1129 1690 1303 1766 imperativo
1376 1751 1378 1755 ,

154 1791 194 1850 Π.
218 1812 263 1871 ps.
286 1812 328 1869 sg.
353 1793 545 1869 significando
569 1792 764 1852 adhibebatur
773 1787 806 1869 2),
824 1790 1041 1850 contendamus.
1076 1792 1172 1869 Igitur
1194 1795 1225 1849 in
1247 1793 1303 1851 hoc

156 1916 214 1953 una
237 1897 328 1957 forma
349 1897 503 1958 facultates
533 1899 674 1957 infinitivi
706 1906 736 1957 et
766 1899 933 1977 imperativi
964 1896 1149 1973 significandi
1179 1906 1208 1956 et
1237 1900 1303 1957 viee

155 2006 294 2081 temporis
327 2004 458 2062 historici
490 2003 631 2081 fungendi
664 2003 712 2082 (cf.
736 2002 842 2061 Wack.
873 2001 946 2080 ibd.)
980 2005 1164 2061 consociatae
1186 2011 1253 2061 sunt
1262 1998 1303 2083 ³),

157 2108 241 2182 Quae
263 2112 287 2166 si
311 2112 353 2167 ita
376 2118 450 2184 sunt,
475 2109 670 2169 confitendum
692 2116 744 2182 est,
777 2111 802 2167 si
825 2107 959 2167 Solmsen
982 2108 1018 2188 (I.
1035 2108 1071 2169 F.
1089 2111 1117 2182 4,
1142 2111 1204 2167 243
1227 2108 1304 2187 squ.)

158 2216 221 2272 iure
244 2214 375 2291 linguam
396 2215 533 2272 Latinam
555 2223 682 2273 veterem
704 2214 866 2271 infinitivus
889 2214 979 2271 activi
1002 2213 1034 2272 ‘e’
1056 2214 1145 2291 longo
1175 2234 1212 2273 ex
1241 2212 1304 2292 dip-

159 2319 267 2396 thongo
290 2320 337 2377 ‘ai’
359 2328 429 2379 nato
451 2321 550 2379 finitos
573 2339 704 2380 servasse
726 2322 843 2399 putavit
851 2316 884 2398 ⁴),
908 2318 1009 2377 eodem
1023 2318 1110 2378 modo
1125 2318 1188 2378 fieri
1211 2339 1305 2399 posse,

158 2432 191 2483 ut
212 2426 418 2503 imperativum
440 2434 539 2497 vetere
561 2433 656 2484 aetate
679 2433 737 2484 ete
758 2424 842 2483 brevi
864 2432 924 2483 ete
945 2423 1033 2502 longo
1057 2425 1169 2503 (aut-ei,
1190 2425 1216 2502 i)
1238 2426 1304 2483 fini·
1351 2472 1361 2480 .

157 2538 218 2587 tum
241 2550 303 2589 esse
326 2549 502 2605 censeamus,
519 2551 694 2610 quamquam
717 2530 773 2589 hoc
795 2551 883 2589 unum
907 2531 1073 2611 exemplum
1095 2530 1168 2589 nihil
1185 2530 1304 2609 probat,

158 2656 248 2716 quare
270 2636 415 2715 syllabam
439 2638 596 2716 ancipitem
618 2637 674 2695 hoo
696 2637 759 2695 loco
782 2632 902 2715 p0n05).

222 2742 319 2802 ·Rud.
346 2745 427 2801 1129
453 2742 569 2821 ‘populo
592 2746 718 2817 strenui,
748 2745 786 2801 mi
816 2741 942 2821 improbi
965 2742 1031 2800 risui
1054 2743 1129 2799 sunt'
1152 2745 1196 2800 ita
1217 2741 1254 2799 A.
1271 2742 1304 2801 P.

244 2848 334 2908 Poen.
360 2851 421 2907 212
446 2852 520 2906 ‘nam
553 2848 650 2907 nullae
680 2850 775 2924 magis
807 2867 852 2907 res
875 2847 951 2907 duae
975 2848 1040 2926 plus
1062 2848 1170 2925 negoti’
1194 2847 1305 2925 ‘magis’

156 2956 330 3033 positionem
352 2956 383 3011 in
406 2957 503 3033 priore
526 2957 583 3012 arsi
605 2953 688 3033 pedis
712 2954 834 3036 alterius¹
855 2953 952 3027 elficit,
982 2974 1040 3032 quo
1063 2953 1127 3012 loco
1150 2953 1222 3011 haec
1246 2953 1305 3011 alia

158 3059 293 3137 exempla
315 3067 435 3119 extant:

157 3309 205 3364 lat.
219 3326 259 3377 gr.
274 3313 325 3363 609
339 3327 396 3377 squ.
413 3308 458 3380 [of.
472 3326 544 3363 nunc
558 3308 714 3376 Brugmann
727 3306 780 3361 ‘die
792 3305 1161 3373 Demonstrativpronomina
1170 3303 1219 3357 der
1228 3302 1305 3358 indo·

158 3400 558 3468 germanischenSprachen’p.
571 3400 624 3467 81]
645 3398 739 3452 Potius
756 3398 845 3450 exitus
862 3394 996 3449 medii-
1014 3394 1061 3448 ‘so’
1081 3400 1123 3448 est
1134 3395 1162 3447 in
1173 3393 1218 3447 for
1227 3395 1306 3447 miss

157 3490 382 3557 titulis-servatis,
393 3490 440 3543 ubi
450 3489 538 3543 altera
547 3504 619 3557 pers.
631 3505 668 3555 sg.
681 3488 709 3539 in
719 3518 753 3526 —
771 3503 818 3540 rus
829 3484 938 3539 desinit.
949 3484 983 3538 os.
995 3484 1117 3537 Sommer
1132 3484 1182 3538 lat.
1193 3499 1233 3552 gr.
1245 3486 1306 3550 536,

159 3579 270 3645 Vetter,
299 3578 388 3632 Wien.
417 3578 488 3631 stud.
510 3581 558 3644 24,
578 3580 629 3631 534
655 3593 714 3644 sqq.
734 3575 881 3629 verisimile
907 3590 967 3629 esse
995 3574 1060 3627 mihi
1078 3571 1187 3627 ridetur
1204 3573 1307 3626 exitum

159 3700 194 3707 —
214 3670 261 3722 ‘so’
281 3681 305 3725 >
326 3670 374 3721 ‘ro’
394 3666 540 3722 secundum
560 3698 595 3706 -
614 3667 678 3733 ‘ris',
700 3665 772 3733 quod
799 3663 917 3719 nondum
946 3664 1110 3733 explicatum
1130 3669 1187 3729 est,
1212 3662 1307 3716 littera

159 3776 171 3813 s
191 3764 310 3825 auctum,
330 3758 433 3811 exitum
444 3787 478 3795 -
498 3760 561 3811 ‘ros’
577 3761 668 3810 autem
687 3756 715 3809 in
728 3786 763 3795 -
777 3758 841 3807 ‘rus’
854 3760 987 3807 mutatum
1007 3770 1074 3807 esse.
1103 3753 1198 3819 Neque
1216 3751 1309 3821 placet

152 3855 259 3917 putare
278 3848 312 3901 ab
332 3846 427 3901 eadem
445 3845 535 3901 forma
553 3877 587 3885 -
608 3846 671 3899 ‘rus’
692 3850 773 3899 51-
793 3845 859 3911 ‘ris’,
879 3875 913 3883 —
931 3846 979 3897 ‘re’
999 3842 1171 3897 descendere.

252 3940 279 4008 l)
297 3936 519 4005 verhandlungen
543 3936 592 3990 der
613 3934 934 4002 Philoh-Versammlung
961 3933 990 3986 in
1008 3932 1109 3985 Ziirich
1140 3935 1216 4000 1887,
1249 3934 1307 4001 199,

159 4028 194 4083 cf.
214 4030 372 4096 Brugmann
391 4026 464 4095 grdr.
487 4028 587 4094 11155,
607 4030 726 4079 Sommer
745 4025 792 4079 lat.
815 4041 857 4093 gr.
876 4026 928 4078 536
948 4040 1006 4090 squ.

249 4120 276 4187 2)
296 4116 330 4171 cf.
350 4116 431 4184 iro-si
451 4114 543 4185 hore,
561 4117 652 4183 hah-si
672 4115 781 4183 ‘sprich’
799 4120 866 4169 etc:
885 4112 1081 4168 Bartholomae
1099 4111 1154 4167 ibd.
1175 4116 1235 4182 271,
1250 4129 1309 4179 sqq.

250 4209 278 4277 3)
297 4207 360 4261 Alio
379 4206 458 4261 modo
482 4205 515 4260 de
531 4206 663 4275 primario
688 4220 816 4272 seque-se
837 4206 993 4272 Brugmann
1019 4196 1094 4271 grdr.
1113 4203 1139 4256 ΙΙ
1161 4205 1228 4256 1393
1247 4201 1310 4258 adn.

248 4302 276 4365 4)
296 4313 350 4365 qua
370 4296 403 4351 de
422 4312 452 4351 re
473 4296 507 4351 cf.
527 4296 610 4350 infra.
1264 4310 1267 4315 ·

249 4388 277 4457 5)
297 4387 353 4441 scil.
383 4388 459 4441 Pers
479 4389 552 4441 848.
568 4428 573 4439 .
589 4429 594 4440 .
609 4427 615 4440 ,
630 4428 656 4440 ..
685 4386 806 4453 ‘loquere
837 4390 868 4438 tu
894 4383 991 4451 etiam,
1019 4381 1138 4437 frustum
1166 4380 1252 4449 pueri’
1281 4380 1309 4433 in

160 4478 317 4546 anapaestis
346 4476 394 4547 (of.
415 4477 540 4531 Skutsch.
559 4477 631 4529 Phil.
650 4478 700 4543 59,
727 4478 778 4529 483
800 4474 863 4528 adn.
883 4475 912 4544 4)
931 4473 1006 4527 nullo
1026 4471 1106 4526 modo
1125 4471 1238 4525 idoneus
1258 4476 1309 4537 est,

161 4568 207 4636 qui
226 4571 241 4621 e
260 4566 416 4635 imperativi
433 4567 544 4637 longum
562 4580 622 4621 esse
642 4564 791 4620 confirmet.
