3200 5217
698 438 739 496 28

235 606 339 669 Pseud.
373 610 435 669 938
468 606 511 688 (Α
522 606 568 688 Ρ.)
592 612 695 689 ‘neque
725 628 780 686 ego
811 608 867 668 hoc
887 607 1005 669 homine
1027 626 1204 690 quemqnam
1232 606 1297 668 vidi

148 716 242 793 magis
264 714 372 775 malim
394 723 424 776 et
446 714 617 776 maleficum'
639 715 732 775 Maur.
756 736 821 789 om,
847 714 910 775 Leo
932 713 981 797 (ct.
1005 713 1086 795 adu.)
1112 714 1176 775 fieri
1198 733 1297 795 possa,

148 828 181 878 ut
202 824 352 900 anapaesti
376 825 444 897 sint,
466 830 558 901 putat.
593 820 652 881 Sed
674 840 769 901 neque
791 824 854 881 sine
876 821 1036 881 offensione
1056 830 1135 881 esset
1158 840 1294 881 mensura

148 924 318 1005 ι555ιί551),
349 946 445 1008 neque
474 936 585 987 certum
607 936 651 986 est
673 928 814 987 Plautum
841 931 1002 986 octonariis
1023 926 1298 1007 hypercatalecticis

147 1036 343 1111 anapaesticis
366 1054 451 1093 nsum
474 1053 537 1093 esse
558 1036 630 1113 (qua
652 1032 689 1093 de
711 1052 742 1092 re
765 1033 800 1092 cs.
829 1033 926 1112 infra).
971 1033 1058 1109 Nam,
1088 1036 1116 1091 si
1146 1036 1300 1113 anapaesti

149 1146 323 1214 statuuntur,
354 1160 419 1199 cum
450 1140 481 1198 A
502 1140 528 1198 B
552 1142 614 1199 938
646 1147 675 1199 et
707 1141 793 1198 938⁸
823 1142 973 1198 coniuncti
1001 1138 1120 1217 legendi
1151 1146 1220 1197 sunt
1241 1138 1297 1216 (ita

150 1242 374 1305 Gaetu-Schoell
399 1244 443 1305 ed.
466 1245 548 1323 min.)

237 1349 313 1409 Rud.
340 1353 380 1410 70
404 1355 479 1410 ‘nam
502 1350 646 1409 Arcturus
669 1353 785 1428 signum
807 1371 873 1409 sum
895 1350 1024 1409 omniurn
1046 1351 1234 1410 acerrimum‘.

236 1455 321 1514 Trin.
345 1459 407 1515 425
432 1456 473 1535 (A
485 1456 530 1535 P.)
554 1456 738 1535 ‘Trapezitae
766 1456 846 1516 mille
877 1455 1101 1516 drachumamm
1124 1455 1297 1537 Olympico'.

148 1561 254 1639 (Maur.
278 1563 353 1641 om..)

236 1668 319 1729 Trin.
356 1669 448 1730 1185.
480 1672 606 1729 ‘miseria
638 1664 728 1751 (una)
758 1672 811 1728 uni
842 1668 961 1749 quidem
993 1668 1135 1728 hominist
1165 1667 1299 1727 adfatim.

149 1772 243 1833 Immo
272 1776 340 1833 huic
369 1775 508 1854 parumst'
539 1796 604 1834 cum
634 1795 759 1855 persona
781 1783 903 1849 mutata,
933 1778 1017 1834 cuius
1045 1774 1182 1854 exempla
1203 1761 1316 1833 lllaur.¹

149 1883 245 1938 omnia
267 1900 326 1939 non
347 1880 450 1940 adfert.

236 1987 293 2044 ΙΠ.
325 1985 390 2045 Cas.
417 1990 478 2046 200
502 1986 585 2046 ‘clam
616 1988 720 2062 vinim,
750 1996 779 2046 et
808 2006 884 2067 qnae
905 1986 1003 2062 habet,
1032 1994 1150 2066 partum
1172 1988 1199 2045 ci
1220 1983 1300 2043 haud

150 2091 301 2151 cdmmode
322 2092 372 2151 est’
396 2094 427 2150 in
449 2092 507 2152 fine
522 2096 608 2172 primi
625 2092 709 2172 pedis
725 2096 826 2153 cretici
838 2095 1007 2167 tetrametu‘,
1029 2091 1134 2152 eodem
1154 2090 1230 2164 loco,
1248 2090 1301 2150 sad

150 2204 183 2255 ut
204 2216 328 2276 persona
349 2206 462 2257 mutata
484 2201 530 2272 sit,
553 2197 628 2257 Rud.
654 2200 730 2257 243:

239 2302 328 2363 ‘Oe'do
350 2305 476 2363 manaim.
515 2305 634 2384 Accipe.
686 2305 753 2378 Dic,
774 2304 911 2364 vivisne?
949 2304 1085 2364 obsecro'.
1119 2303 1211 2362 Poen.
1236 2305 1297 2359 211

150 2411 182 2467 in
209 2412 305 2488 priore
336 2413 396 2469 arsi
418 2409 502 2489 pedis
525 2409 644 2469 alterius
667 2414 828 2470 tetrametri
850 2410 1000 2470 bacchiaci
1023 2414 1139 2468 ‘navem
1162 2406 1299 2466 5151511-

150 2534 228 2574 erem
250 2515 323 2575 haec
346 2514 403 2574 duo
426 2516 610 2595 comparato'.
649 2517 698 2575 Ex
720 2516 872 2595 exemplis,
894 2534 971 2595 qnae
992 2522 1113 2588 restant,
1128 2514 1218 2573 Marc.
1236 2514 1297 2571 749

153 2617 217 2701 (qui
239 2641 341 2680 versus
364 2622 485 2682 alteram
508 2622 695 2682 offensionem
716 2621 844 2701 praebet,
860 2622 895 2680 cf.
918 2621 1016 2697 int'ra),
1032 2622 1104 2694 788,
1125 2619 1189 2678 Mil.
1208 2620 1300 2691 1057,

152 2726 257 2786 Pseud.
285 2730 366 2787 1315
391 2727 433 2806 (Α
446 2725 503 2810 R),
526 2728 608 2786 Trin.
632 2730 694 2788 375
719 2724 760 2811 (Α
771 2728 818 2807 Ρ.)
841 2727 986 2807 syllabam
1008 2729 1040 2784 in
1062 2747 1124 2784 -m
1145 2732 1300 2785 exeuntem

153 2841 220 2891 ante
242 2832 374 2892 vocalem
397 2854 450 2912 pro
472 2832 561 2912 longa
583 2842 753 2913 usurpatam
775 2842 843 2893 ante
865 2853 1019 2913 personam
1040 2840 1183 2891 mutatam
1204 2837 1300 2889 osten·

152 2936 243 3013 dunt,
276 2938 340 2997 Cas.
377 2942 459 2998 1004
490 2937 531 3017 (Α
545 2937 594 3020 Ρ.)
625 2943 733 2999 rectius
759 2938 916 3017 legendum
944 2948 1005 2998 est:
1037 2936 1158 2997 ι(155556
1188 2944 1301 2995 ecastor

154 3046 269 3103 veniam
300 3044 377 3103 hanc
409 3044 543 3103 dandam.
588 3046 710 3104 Faciam
732 3046 766 3104 dt
787 3046 888 3118 iubes',
919 3054 952 3104 ut
973 3044 1071 3103 hiatus
1090 3052 1157 3123 post
1178 3040 1299 3101 ‘censeo'

154 3158 222 3208 ante
245 3149 389 3209 diaeresin
412 3153 465 3223 sit3
483 3150 629 3229 spondeus
644 3154 676 3209 in
692 3160 796 3231 quarto
818 3150 894 3230 pede
916 3150 1007 3209 verbo
1029 3148 1234 3229 pyrrhichiaco
1256 3166 1300 3206 se-

152 3258 253 3334 quenti
277 3263 439 3314 excusatur.
463 3254 546 3315 Cure.
572 3259 632 3316 701
658 3256 810 3316 dimetitur
823 3256 1068 3315 Maurenbrecher
1088 3257 1225 3313 ‘animum
1247 3252 1300 3311 ad·

152 3362 257 3420 vertite
280 3364 305 3419 si
327 3363 446 3441 pdssum
469 3361 525 3421 hoc
547 3365 625 3421 inter
646 3364 726 3437 etc'3
749 3366 819 3442 quia
834 3362 974 3422 Plautum
995 3362 1092 3421 thesin
1107 3360 1221 3419 duabus
1236 3358 1299 3417 bre·

152 3467 238 3526 vibus
260 3466 383 3546 syllabis
405 3470 597 3547 compositam
620 3472 662 3526 ita
677 3468 814 3543 effecisse,
838 3476 871 3527 ut
892 3489 951 3526 una
978 3476 1029 3525 aut
1050 3466 1154 3525 ambae
1176 3464 1299 3524 verbum

152 3571 370 3652 polysyllabum
400 3573 524 3646 finirent,
557 3581 659 3632 contra
681 3574 810 3633 Leonem
841 3573 957 3653 (forsch.
985 3576 1045 3632 236
1060 3573 1136 3651 squ)
1168 3591 1299 3649 compro-

153 3678 237 3737 basse
259 3678 315 3737 sibi
338 3677 462 3738 videtur.
486 3678 779 3756 Argumentationem
795 3688 892 3739 autem
909 3681 964 3738 viri
982 3676 1062 3737 docti
1076 3679 1156 3756 (pag.
1174 3680 1213 3736 26
1224 3675 1301 3755 sqq.)

151 3784 256 3843 falsam
287 3803 350 3843 esse
382 3786 527 3844 neminem
560 3805 624 3844 esse
657 3783 779 3860 conlido,
810 3788 861 3865 qni
884 3792 979 3861 neget,
1011 3784 1048 3843 de
1072 3784 1152 3843 Pers.
1180 3785 1240 3842 100
1263 3781 1299 3840 cf.

152 3890 243 3965 infra3
265 3910 322 3969 quo
345 3888 432 3955 modo
454 3890 518 3950 fieri
540 3894 641 3970 possit,
656 3900 688 3950 ut
704 3894 859 3971 quisquam
873 3889 979 3949 Pseud.
1004 3892 1076 3963 667,
1101 3892 1193 3963 1182,
1208 3887 1299 3946 Stich.

154 3997 203 4070 67,
228 3998 299 4070 701,
322 3996 404 4054 Trin.
431 3997 502 4069 935,
524 3997 631 4056 Bacch.
657 3999 729 4071 787,
762 3997 844 4056 Pers.
876 3998 914 4055 15
947 3994 985 4054 ad
1018 3995 1095 4054 hanc
1126 3996 1300 4054 sententiam

153 4100 380 4160 confirmandam
403 4101 513 4176 aflerat,
537 4123 595 4161 non
618 4102 766 4180 intellego.
801 4101 892 4161 Stich.
917 4105 979 4160 718
1002 4109 1089 4160 antea
1110 4099 1300 4159 Skutschium

155 4212 232 4287 ‘erpe
254 4226 291 4265 ex
315 4206 373 4267 ore*
396 4206 511 4284 (sorech.
529 4210 569 4266 46
586 4207 652 4266 adn.
671 4204 702 4290 2)
725 4210 910 4288 proposuisse
932 4216 1035 4267 notum
1055 4214 1107 4279 est,
1123 4226 1200 4265 nunc
1222 4204 1301 4263 idem

154 4316 186 4371 in
209 4315 311 4391 quinto
332 4310 408 4391 pede
438 4316 594 4392 septenarii
625 4313 765 4372 trochaici
787 4312 894 4373 Plauto
927 4312 1097 4372 facultatem
1128 4314 1300 4370 ereticorum

227 4524 253 4593 1)
273 4522 308 4577 cf.
327 4522 416 4592 infra3
437 4522 572 4592 Sprengel
591 4520 721 4575 reformv.
760 4525 812 4576 403
833 4521 945 4590 scripsit
963 4520 1124 4573 ‘hominem'.
