3200 5217
865 479 905 543 46

312 647 450 740 scriptum
473 659 569 719 estin
591 658 680 718 libris.
714 649 827 719 Eodem
849 658 938 719 modo
961 659 998 719 de
1014 658 1159 720 adiectivo
1183 651 1381 721 ι0110011100.
1396 655 1454 715 911

312 764 436 824 iudicari
458 771 564 843 potest,
586 772 619 822 ut
641 766 700 823 iam
723 765 902 844 temporibus
923 764 1071 823 Plautinis
1084 772 1108 826 ·1
1130 767 1264 844 stirpium
1286 765 1318 820 in
1348 764 1357 819 i
1382 758 1457 818 desi·

311 875 441 932 nentium
478 873 510 929 in
547 868 756 930 adiectivorum
796 871 957 931 ablativum
991 872 1163 931 translatum
1202 874 1248 929 sit.
1306 866 1458 928 Accedunt

311 987 439 1037 autemzt
977 954 984 964 Ι

399 1072 506 1162 Amph.
532 1085 600 1141 860·
618 1080 770 1163 ‘quidquid
793 1092 845 1157 est,
867 1085 926 1142 iam
950 1102 987 1142 ex
1008 1074 1157 1142 Naucrate
1184 1090 1308 1159 cognato
1337 1079 1369 1139 id
1392 1098 1458 1155 cog·

308 1208 427 1248 noscam
442 1176 559 1247 ‘meo'fv
789 1186 791 1189 ’
1378 1215 1381 1220 ·
1451 1183 1455 1204 ;

397 1292 463 1353 Cas.
488 1296 551 1351 318
574 1296 649 1352 ‘cum
672 1292 774 1353 eadem
790 1305 856 1373 qua
879 1303 911 1352 tu
933 1293 1052 1374 semper.
1097 1292 1173 1353 Cum
1194 1293 1286 1352 uxore
1307 1290 1406 1353 mea?'

308 1426 312 1435 ¹
397 1397 503 1458 Pseud.
529 1400 586 1456 761
622 1403 730 1458 ‘omnes
761 1397 864 1459 ordine
886 1395 940 1458 sub
961 1400 1054 1476 signis
1077 1398 1181 1457 ducam
1208 1389 1339 1475 legiones
1361 1395 1458 1469 meas',

310 1504 361 1564 ubi
385 1524 491 1563 omnes
507 1503 622 1564 codices
644 1505 777 1565 ‘ordines'
793 1506 942 1585 praebent,
960 1505 1043 1587 quod
1067 1506 1199 1583 Scaliger
1220 1508 1355 1576 correxit,
1378 1503 1409 1563 C.
1424 1504 1459 1565 F.

310 1610 358 1671 W.
374 1594 481 1670 Miiller
504 1612 571 1693 (110.
591 1632 661 1671 mus.
688 1615 736 1687 54,
762 1608 892 1695 aeosq.)
915 1611 1025 1672 ‘ordine
1047 1607 1101 1671 bis'
1124 1614 1256 1686 coniecit,
1272 1611 1374 1673 dubito
1389 1630 1459 1670 num

309 1722 394 1775 recte.
625 1726 626 1729 ’
1126 1735 1128 1741 ’
1237 1727 1239 1730 “
1392 1747 1394 1752 ·

400 1821 505 1881 Bacch.
539 1824 600 1881 698
633 1822 735 1882 ‘multa
766 1823 845 1881 mala
876 1825 916 1882 mi
947 1826 977 1881 in
1008 1831 1125 1903 pectore
1153 1834 1230 1883 nune
1261 1826 1342 1881 acria
1358 1806 1460 1902 atque

311 1924 416 1987 acerba
439 1929 594 2002 eveniunt',
616 1948 711 2007 neque
734 1927 914 1989 confidenter
935 1937 1074 2008 quattuor
1094 1948 1196 1989 versus
1218 1936 1371 2009 corruptos
1397 1945 1460 1987 essa

309 2030 526 2091 contendemus.
562 2030 628 2104 Qua
650 2053 682 2092 re
706 2032 743 2093 de
765 2034 812 2092 his
834 2033 973 2093 ablativis
995 2032 1135 2093 iudicium
1150 2036 1270 2108 retineo,
1281 2032 1337 2093 sed
1354 2032 1460 2096 ¹sitor-

309 2142 373 2195 inas
404 2146 482 2196 recte
511 2135 635 2197 traditas
668 2157 730 2198 esse
759 2159 913 2216 agnoscas,
942 2140 975 2199 ‘a'
1003 2142 1034 2197 in
1063 2141 1090 2197 ‘i'
1112 2138 1282 2200 ‘mutandum
1310 2158 1376 2199 0000,
1395 2158 1460 2218 per·

310 2262 428 2300 suasum
450 2240 553 2299 babeo.
599 2242 709 2301 Facere
732 2250 830 2301 autem
851 2263 910 2301 nou
932 2263 1059 2323 possum,
1088 2247 1159 2324 quin
1182 2265 1270 2303 unum
1292 2243 1459 2324 exemplum

311 2347 437 2421 afferam,
460 2344 510 2405 ubi
533 2346 614 2405 inP
631 2346 778 2407 ablativus
808 2348 844 2409 ‘e7
873 2348 969 2407 vocali
998 2349 1097 2409 finitus
1125 2358 1228 2429 postea
1257 2352 1383 2409 insertus
1406 2355 1461 2425 est,

306 2471 384 2527 ,cum
399 2452 602 2533 A-antiquam
626 2461 655 2511 et
675 2462 784 2513 rectam
804 2453 957 2513 lectionem
970 2456 1146 2518 servaverit:
1172 2443 1461 2535 8000710100οᾀ

247 2544 251 2552 ¹
308 2540 336 2615 'P
358 2558 534 2635 ‘gratiamd¹
553 2558 637 2637 patre
660 2561 685 2616 si
706 2560 849 2638 petimus‘,
879 2559 908 2617 A
925 2567 1027 2619 autem
1049 2562 1182 2639 ‘gratiam
1203 2579 1256 2640 per
1277 2562 1302 2618 01
1323 2559 1460 2639 petimus,

310 2684 395 2743 spero
409 2710 415 2722 .
428 2710 434 2721 .
448 2664 473 2721 .’
506 2662 551 2742 (cl.
575 2683 650 2743 quaa
675 2663 715 2723 de
748 2668 964 2745 praepositione
992 2668 1155 2746 postposita
1177 2666 1238 2725 Leo
1261 2666 1398 2744 exposuit
1420 2662 1458 2723 N.

311 2766 397 2827 G.G.
422 2770 515 2840 1890,
539 2763 658 2845 4181)).

399 2872 644 2933 Maurenbrecher
675 2894 743 2953 pag.
772 2877 831 2933 199
845 2895 907 2955 sqq.
932 2875 968 2935 de
990 2876 1081 2950 hiatu,
1103 2894 1189 2955 quam
1211 2884 1277 2963 post
1298 2874 1461 2933 ablativum

311 2966 341 3040 in
364 2981 397 3038 ‘o'
429 2987 581 3039 exeuntem
605 2978 684 3058 apud
706 2979 847 3039 Plautum
876 2980 989 3041 codices
1011 2980 1139 3056 tradunt,
1166 2980 1318 3059 disserens*
1332 2989 1461 3040 veterem

312 3089 423 3145 exitum
446 3085 571 3144 ablativi
594 3087 728 3164 stirpium
750 3088 781 3143 in
805 3086 839 3145 ‘o'
862 3085 1056 3147 desinentium
1072 3086 1119 3161 ‘d’,
1142 3106 1227 3166 quem
1243 3070 1329 3145 =tituli
1350 3094 1462 3145 testan-

312 3200 368 3266 tur,
391 3211 484 3270 usque
506 3189 545 3249 ad
567 3190 653 3255 finam
676 3193 756 3249 tertii
779 3192 887 3251 saeculi
902 3194 945 3271 (in
966 3191 1092 3252 secundo
1114 3192 1230 3253 saeculo
1253 3196 1333 3259 unus
1349 3191 1462 3268 titulus,

313 3299 362 3376 qui
387 3299 517 3356 continet
532 3306 649 3355 senatus
665 3294 828 3354 consultum
844 3295 881 3356 de
897 3298 1009 3371 Bacch,
1025 3297 1170 3357 ablativos
1188 3317 1314 3355 consona
1327 3295 1462 3363 dfiuitos

311 3402 442 3483 praebet.
466 3400 501 3460 cf.
526 3400 649 3461 eundem
676 3404 736 3461 110
749 3402 834 3481 sqq),
849 3406 908 3461 iam
924 3405 1001 3463 circa
1019 3406 1080 3463 900
1097 3402 1288 3471 entecham
1305 3404 1462 3476 evanuisse

305 3501 406 3587 'neque
436 3509 467 3564 in
490 3505 638 3565 Plautinis
661 3504 768 3564 fabulis
792 3506 913 3583 hiatum,
939 3506 971 3565 id
1001 3507 1078 3587 quod
1101 3507 1279 3568 contendunt
1300 3510 1362 3566 viri
1381 3506 1464 3566 docti

315 3614 361 3692 (ct.
394 3611 518 3673 eundem
554 3614 614 3670 107
628 3612 692 3691 sq),
724 3612 853 3673 affecisse
883 3621 987 3688 000001,
1016 3634 1140 3693 quocum
1162 3617 1310 3674 consentit
1328 3613 1464 3693 Lindsay

313 3719 376 3804 (lat.
398 3740 441 3796 gr.
466 3720 538 3791 449,
563 3716 646 3796 Capt
669 3736 738 3797 pag.
767 3720 828 3798 17).
866 3718 912 3777 Ac
938 3717 1074 3797 profecto,
1097 3727 1130 3777 ut
1152 3718 1288 3800 exempla
1308 3718 1407 3777 hiatus
1430 3721 1463 3777 in

312 3823 388 3883 thesi
411 3820 512 3881 traditi
535 3823 677 3895 omittam,
701 3856 741 3865 —
767 3820 804 3881 de
828 3842 885 3902 quo
908 3820 1008 3881 eodem
1037 3821 1124 3881 modo
1147 3831 1234 3903 atque
1257 3821 1294 3882 de
1316 3823 1403 3881 hiatu·
1431 3826 1464 3883 in

311 3932 372 3989 arsi
400 3931 522 3986 invento
552 3924 742 3985 iudicandum
765 3948 824 3985 non
852 3945 915 3986 0000
937 3935 1007 4006 puto
1031 3964 1069 3972 —
1094 3930 1231 3987 minimus
1258 3937 1302 3988 est
1323 3949 1464 3988 numerus

313 4031 519 4111 exemplorum,
542 4050 617 4110 quae
639 4039 707 4111 post
728 4031 891 4092 ablativum
913 4031 1012 4091 littera
1034 4032 1068 4090 ‘o’
1090 4032 1204 4092 linitum
1220 4033 1332 4093 hiatum
1355 4036 1386 4091 10
1401 4035 1463 4092 arsi

312 4136 476 4211 ostendant,
497 4156 620 4215 quorum
641 4157 710 4225 pars
732 4140 763 4196 in
785 4134 913 4196 secunda
934 4145 962 4196 01
986 4146 1089 4217 quarta
1104 4140 1164 4197 arsi
1179 4147 1268 4214 extat,
1283 4148 1324 4214 ut,
1340 4142 1366 4197 01
1381 4147 1464 4198 recte

313 4295 522 4307 —-...-—---

385 4384 412 4453 1)
432 4380 513 4452 Epid.
533 4384 584 4437 533
604 4380 661 4436 Leo
687 4387 758 4437 cant.
779 4384 812 4437 51
833 4379 995 4453 glyconaeos
1014 4379 1168 4439 dimetitur:
1198 4385 1319 4453 ‘pectore
1345 4397 1465 4451 peregre

312 4474 478 4542 adveniens‘,
497 4473 545 4527 ubi
572 4488 702 4528 mensura
731 4476 851 4541 ‘pectore
878 4476 993 4541 peregre
1017 4471 1172 4541 adveniens'
1191 4488 1307 4543 aequam
1324 4474 1465 4529 rationem

307 4579 447 4628 versuum,
468 4562 514 4631 qui
533 4566 585 4617 1133
605 4561 783 4629 circumdant,
802 4561 949 4631 deturbat;
967 4562 1027 4632 ipse
1046 4578 1104 4617 rem
1122 4562 1272 4617 diiudicare
1291 4577 1406 4630 nequeo.
