3200 5217
697 456 736 511 41

232 624 268 683 In
290 625 506 705 ithyphalliois:
534 626 621 706 Epio.
648 628 741 686 1701.Ι

151 749 155 755 ·
233 729 349 793 ‘ducere
372 740 401 791 te
423 732 551 793 uxorem‘
575 732 633 809 (A,
654 732 687 792 P.
711 733 810 791 omisit
832 726 898 813 ‘teil

149 892 153 901 ·
216 850 338 911 'Pseud
365 857 423 913 140
450 854 481 913 P.
509 854 644 933 praebete
676 858 728 914 ‘est
759 846 858 913 eorum
889 874 964 931 opus
990 861 1022 911 ut
1052 849 1175 910 mavells
1203 848 1289 928 hipos

147 957 226 1035 apild
249 960 313 1019 llvis
336 959 466 1039 linquere
481 980 567 1039 quam
583 960 636 1018 hos
652 956 730 1019 domi
747 950 900 1033 custodes',
915 956 966 1017 sed
986 956 1016 1015 A
1038 957 1146 1017 ‘eorum
1161 953 1288 1013 officium

146 1069 179 1121 ut
200 1063 323 1122 mavelis
345 1064 429 1143 lupos
452 1064 530 1144 apud
553 1068 634 1124 oveis
657 1086 743 1145 quam
765 1064 820 1124 bos
842 1063 922 1123 domi

148 1209 152 1219 .
233 1169 367 1250 linquere
389 1163 534 1231 custodes*
555 1170 707 1252 (traditum
730 1169 828 1230 ‘domi’
850 1174 882 1229 iu
904 1167 1031 1230 secunda
1051 1162 1150 1249 finea).

151 1278 171 1297 '‘
234 1292 299 1353 aas.
325 1272 386 1354 roa
417 1295 537 1375 praebet
559 1296 587 1354 A
612 1300 652 1354 a
673 1295 764 1355 naba
787 1294 850 1353 mr?
876 1293 952 1352 11111
974 1289 1095 1373 quirum
1118 1290 1214 1348 arcere
1235 1308 1288 1346 vo-

146 1396 252 1473 lebam,
267 1399 297 1458 id
314 1408 358 1459 est
374 1400 494 1460 dimeter
510 1402 683 1461 bacchiacus
699 1408 729 1471 -Ι-
744 1399 960 1482 ithyphallicus.
995 1396 1109 1456 ‘dicere'
1132 1397 1291 1453 omiserunt

148 1504 316 1565 Priscianus
343 1514 373 1565 et
393 1506 436 1581 P,
458 1515 491 1566 ut
520 1527 620 1566 versus
642 1509 681 1565 sit
696 1506 826 1593 'dimeter
855 1504 1028 1587 bacchiacus
1050 1500 1236 1561 catalecticus
1258 1503 1290 1567 -Ι-

146 1609 374 1689 ithyphallicus:
399 1612 434 1671 cf.
458 1612 585 1672 Leonem
609 1619 682 1671 cant.
710 1616 746 1671 16
762 1632 802 1691 sq.

234 1735 424 1815 Itlryphallioi
441 1735 612 1817 plerumque
628 1757 693 1795 cum
708 1738 823 1795 creticis
838 1736 984 1807 coniuncti
1001 1740 1076 1791 sunt.
1099 1727 1148 1815 (cf.
1162 1728 1290 1788 Leonem

149 1847 223 1898 cant.
251 1845 288 1899 18
312 1862 377 1899 cum
400 1840 464 1900 adn.
490 1836 529 1925 2).
568 1840 634 1915 Qua
656 1862 687 1901 re
709 1842 829 1901 licentia
850 1840 982 1921 syllabae
1000 1840 1136 1918 ancipitis
1159 1854 1210 1895 eos
1224 1855 1292 1893 usos

148 1964 220 2017 osse,
244 1944 322 2025 quod
344 1949 374 2005 in
397 1956 502 2027 quarta
523 1956 606 2028 parte
629 1947 761 2027 opusculi
776 1951 834 2007 mei
850 1941 917 2006 aliis
934 1945 1076 2023 exemplis
1092 1943 1291 2003 demonstrare

148 2048 278 2125 studebo,
301 2070 410 2111 censeo.

234 2174 340 2233 Bacch.
366 2177 425 2235 655
459 2176 635 2243 afferendum
656 2198 716 2237 nou
739 2185 790 2251 est,
819 2185 852 2236 ut
874 2177 930 2237 hoc
952 2157 1038 2239 versu
1065 2173 1155 2251 longa
1177 2170 1291 2252 syllaba

148 2278 285 2338 infinitivi
311 2281 502 2357 confirmetur,
532 2281 597 2341 Oas.
623 2286 684 2343 674
708 2282 786 2342 ‘illuc
810 2282 906 2342 dicere
928 2281 1050 2340 vilicum
1072 2277 1215 2339 volebam’
1239 2275 1292 2357 (A.

149 2384 197 2446 Pa
227 2384 346 2465 praebet
374 2389 450 2445 inter
478 2406 593 2447 versum
622 2387 809 2449 bacehiaoum
837 2395 866 2447 et
895 2385 1119 2467 ithyphallicum
1147 2382 1292 2463 syllabam

149 2491 311 2569 ancipitem.

236 2614 344 2673 Iterum
368 2617 454 2675 certis
477 2619 573 2675 causis
595 2615 711 2676 decerni
733 2637 790 2675 non
814 2623 917 2697 potest,
939 2624 1036 2675 utrum
1058 2615 1090 2676 hi
1113 2633 1213 2674 versus
1230 2613 1295 2671 lon·

149 2719 362 2797 gamvocalem
385 2723 482 2780 exitus
504 2724 685 2781 servaverint
707 2742 745 2785 an
766 2729 858 2781 metro
872 2720 1015 2801 producta
1028 2722 1067 2780 sit
1089 2720 1123 2783 ‘e'
1145 2718 1293 2792 infinitivi,

151 2828 202 2906 qui
230 2828 390 2905 posteriore
420 2834 515 2886 aetate
546 2826 625 2885 solus
654 2828 686 2885 in
713 2847 768 2886 usu
799 2834 850 2886 est.
895 2824 1121 2886 Concedendum
1149 2825 1226 2884 enim
1250 2830 1295 2884 est

151 2934 274 3009 fortasse
296 2935 436 3014 explicari
459 2954 553 3015 posse,
568 2956 625 3016 qua
649 2939 761 2995 ratione
783 2934 930 3010 acciderit,
945 2942 978 2995 ut
1003 2934 1167 2997 infinitivus
1188 2934 1219 2989 in
1242 2930 1294 2992 ‘re'

152 3044 287 3104 desinens
317 3053 509 3104 evanesceret.
553 3044 632 3105 Nam
653 3053 809 3125 postquam
833 3044 1013 3125 dipthongus
1041 3038 1086 3102 ‘ei'
1118 3044 1147 3100 in
1171 3038 1294 3120 syllabis

151 3144 271 3209 accentu
301 3170 359 3209 non
386 3150 471 3209 elatis
493 3153 525 3209 in
548 3184 578 3193 -
601 3157 616 3212 i
638 3158 750 3209 mutata
772 3159 824 3224 est,
839 3150 928 3229 plane
942 3146 1096 3229 adaequati
1112 3153 1180 3217 sunt
1197 3148 1294 3205 exitus

152 3254 237 3313 huius
266 3254 405 3315 infinitivi
436 3258 524 3313 activi
556 3264 585 3313 et
613 3255 751 3314 infinitivi
774 3256 894 3334 passivi,
922 3272 1008 3334 quem
1031 3252 1069 3311 ab
1090 3252 1175 3311 initio
1197 3247 1295 3309 vocali

151 3360 181 3423 ‘i’
204 3360 318 3429 finitum
341 3379 404 3420 esse
425 3361 583 3420 verisimile
606 3369 649 3421 est
679 3359 727 3443 (cf.
751 3361 944 3441 Thumeysen
967 3360 1007 3419 Κ.
1020 3360 1050 3417 Z.
1075 3360 1125 3431 35,
1150 3360 1295 3436 210squ,

151 3466 282 3525 fiommer
311 3465 360 3524 lat.
383 3486 424 3543 gr.
450 3470 508 3526 631
524 3461 609 3548 squ),
637 3475 670 3526 ut
697 3469 729 3525 in
751 3466 862 3545 lingua,
888 3486 926 3526 ne
947 3465 1087 3524 infinitivi
1107 3470 1296 3538 mutarentur,

149 3573 311 3631 infinitivus
333 3575 362 3632 in
386 3573 434 3633 ‘re'
457 3576 556 3632 exiens
578 3594 630 3652 pro
653 3593 759 3652 genere
781 3576 879 3632 activo
903 3572 983 3631 solus
1005 3577 1198 3650 usurparetur.

237 3696 272 3754 Ι11
303 3694 404 3773 lingua
425 3697 532 3754 Latina
561 3695 784 3755 declinationem
816 3698 950 3775 stirpium
971 3697 1004 3753 in
1025 3694 1052 3752 ‘i'
1075 3694 1243 3753 exeuntium
1264 3698 1295 3752 et

151 3805 285 3881 stirpium
308 3805 480 3861 consonanti
501 3803 648 3862 finitarum
671 3802 758 3862 valde
780 3806 956 3882 permixtam
977 3819 1041 3860 esse
1063 3807 1186 3859 constat.
1235 3795 1295 3857 Sed

151 3928 221 3967 num
249 3926 280 3967 re
310 3927 380 3966 vera
400 3907 503 3967 Plauti
531 3908 711 3988 temporibus
735 3908 887 3967 ‘locativus
907 3908 947 3964 'in
969 3906 997 3963 ‘i‘
1019 3905 1085 3986 plus
1107 3904 1241 3982 stirpium
1262 3905 1294 3961 in

151 4000 305 4072 consonam
332 4015 500 4071 exeuntium
530 4015 724 4093 occupaverit,
754 4033 842 4093 quam
872 4030 960 4070 aurea
990 4009 1159 4069 Latinitatis
1191 4007 1294 4068 aetate’

152 4117 315 4197 (Wedding
332 4118 395 4197 51),
410 4126 442 4177 ut
457 4120 513 4177 viri
530 4117 609 4177 docti
623 4120 803 4192 existimant,
826 4115 1023 4197 quaerendum
1045 4123 1098 4176 est.
1125 4112 1293 4173 Conceden-

152 4222 222 4283 dum
245 4232 289 4283 est
311 4223 424 4283 nullum
446 4243 561 4283 versum
585 4232 693 4298 extare,
725 4226 756 4281 in
779 4242 836 4303 quo
858 4222 1001 4281 locativns
1020 4222 1054 4282 ‘e'
1069 4222 1203 4300 stirpium
1226 4240 1294 4279 con·

152 4331 316 4388 sonantium
338 4330 512 4401 inveniatur,
535 4326 586 4387 sed
609 4328 715 4408 quibus
737 4327 811 4387 locis
833 4346 934 4387 versus
957 4326 1141 4384 manifestum
1162 4324 1294 4405 fitPlau·

152 4445 213 4495 tum
236 4434 376 4513 dactylici
398 4434 482 4494 verbi
503 4434 585 4494 velut
607 4435 748 4513 ‘temperi’
769 4434 874 4495 ultima
896 4432 1013 4513 syllaba
1025 4431 1108 4495 brevi
1123 4450 1294 4508 usumesse,

153 4562 218 4605 oum
240 4540 394 4603 verborum
418 4544 557 4625 cuiusque
579 4542 694 4623 generis
716 4540 819 4603 ultima
841 4539 932 4621 longa
947 4539 1046 4601 multis
1067 4538 1139 4597 locis
1154 4556 1294 4618 apparere
