<?xml version="1.0" encoding="UTF-8"?>
<!DOCTYPE html PUBLIC "-//W3C//DTD XHTML 1.0 Transitional//EN"
    "http://www.w3.org/TR/xhtml1/DTD/xhtml1-transitional.dtd">
<html xmlns="http://www.w3.org/1999/xhtml" xml:lang="en" lang="en">
 <head>
  <title>
</title>
<meta http-equiv="Content-Type" content="text/html;charset=utf-8" />
  <meta name='ocr-system' content='tesseract 3.04.00' />
  <meta name='ocr-capabilities' content='ocr_page ocr_carea ocr_par ocr_line ocrx_word'/>
</head>
<body>
  <div class='ocr_page' id='page_1' title='image "./quaestionesplau00jacogoog_0016.png"; bbox 0 0 3200 5217; ppageno 0'>
   <div class='ocr_carea' id='block_1_1' title="bbox 861 467 901 526">
    <p class='ocr_par' dir='ltr' id='par_1_1' title="bbox 861 467 901 526">
     <span class='ocr_line' id='line_1_1' title="bbox 861 467 901 526; baseline 0.05 -2"><span class='ocrx_word' id='word_1_1' title='bbox 861 467 901 526; x_wconf 99' lang='grc'>10</span> 
     </span>
    </p>
   </div>
   <div class='ocr_carea' id='block_1_2' title="bbox 298 638 1454 1144">
    <p class='ocr_par' dir='ltr' id='par_1_2' title="bbox 298 638 1453 938">
     <span class='ocr_line' id='line_1_2' title="bbox 310 638 1452 722; baseline 0.001 -24"><span class='ocrx_word' id='word_1_2' title='bbox 310 642 470 699; x_wconf 86' lang='lat' dir='ltr'>tetrametri</span> <span class='ocrx_word' id='word_1_3' title='bbox 501 638 650 719; x_wconf 77' lang='lat' dir='ltr'>bacclrei),</span> <span class='ocrx_word' id='word_1_4' title='bbox 684 660 761 719; x_wconf 87' lang='lat' dir='ltr'>quae</span> <span class='ocrx_word' id='word_1_5' title='bbox 793 640 853 699; x_wconf 89' lang='lat' dir='ltr'>fine</span> <span class='ocrx_word' id='word_1_6' title='bbox 883 660 984 700; x_wconf 89' lang='lat' dir='ltr'>versus</span> <span class='ocrx_word' id='word_1_7' title='bbox 1013 640 1133 701; x_wconf 86' lang='lat' dir='ltr'>defensa</span> <span class='ocrx_word' id='word_1_8' title='bbox 1162 661 1227 702; x_wconf 89' lang='lat' dir='ltr'>mea</span> <span class='ocrx_word' id='word_1_9' title='bbox 1248 640 1367 722; x_wconf 91' lang='lat' dir='ltr'>quidem</span> <span class='ocrx_word' id='word_1_10' title='bbox 1389 640 1452 700; x_wconf 88' lang='lat' dir='ltr'>sen-</span> 
     </span>
     <span class='ocr_line' id='line_1_3' title="bbox 309 740 1453 828; baseline 0.003 -25"><span class='ocrx_word' id='word_1_11' title='bbox 309 747 403 804; x_wconf 91' lang='lat' dir='ltr'>tentia</span> <span class='ocrx_word' id='word_1_12' title='bbox 423 744 565 805; x_wconf 89' lang='lat' dir='ltr'>mutanda</span> <span class='ocrx_word' id='word_1_13' title='bbox 586 766 645 805; x_wconf 90' lang='lat' dir='ltr'>non</span> <span class='ocrx_word' id='word_1_14' title='bbox 669 740 779 826; x_wconf 85' lang='lat' dir='ltr'>sunt¹),</span> <span class='ocrx_word' id='word_1_15' title='bbox 802 753 864 805; x_wconf 92' lang='lat' dir='ltr'>tum</span> <span class='ocrx_word' id='word_1_16' title='bbox 887 746 920 805; x_wconf 86' lang='lat' dir='ltr'>‘e&#39;</span> <span class='ocrx_word' id='word_1_17' title='bbox 942 745 1031 807; x_wconf 89' lang='lat' dir='ltr'>breve</span> <span class='ocrx_word' id='word_1_18' title='bbox 1052 750 1148 807; x_wconf 84' lang='lat' dir='ltr'>exitus</span> <span class='ocrx_word' id='word_1_19' title='bbox 1178 750 1283 808; x_wconf 85' lang='lat' dir='ltr'>tertiae</span> <span class='ocrx_word' id='word_1_20' title='bbox 1311 765 1453 828; x_wconf 80' lang='lat' dir='ltr'>personae</span> 
     </span>
     <span class='ocr_line' id='line_1_4' title="bbox 298 848 1308 938; baseline 0.001 -29"><span class='ocrx_word' id='word_1_21' title='bbox 298 927 302 938; x_wconf 37' lang='grc' dir='ltr'>Ι</span> <span class='ocrx_word' id='word_1_22' title='bbox 309 848 430 930; x_wconf 87' lang='lat' dir='ltr'>pluralis</span> <span class='ocrx_word' id='word_1_23' title='bbox 449 850 586 931; x_wconf 80' lang='lat' dir='ltr'>perlecti3</span> <span class='ocrx_word' id='word_1_24' title='bbox 609 850 645 911; x_wconf 86' lang='lat' dir='ltr'>cf.</span> <span class='ocrx_word' id='word_1_25' title='bbox 668 851 796 912; x_wconf 81' lang='lat' dir='ltr'>Leonem</span> <span class='ocrx_word' id='word_1_26' title='bbox 819 851 858 911; x_wconf 85' lang='lat' dir='ltr'>ad</span> <span class='ocrx_word' id='word_1_27' title='bbox 879 852 986 912; x_wconf 89' lang='lat' dir='ltr'>Bacch.</span> <span class='ocrx_word' id='word_1_28' title='bbox 1012 856 1083 927; x_wconf 84' lang='lat'><strong>668,</strong></span> <span class='ocrx_word' id='word_1_29' title='bbox 1106 853 1194 913; x_wconf 91' lang='lat' dir='ltr'>Poen.</span> <span class='ocrx_word' id='word_1_30' title='bbox 1226 857 1264 914; x_wconf 91' lang='grc'>21</span> <span class='ocrx_word' id='word_1_31' title='bbox 1276 849 1308 933; x_wconf 81' lang='lat'>²)</span> 
     </span>
    </p>

    <p class='ocr_par' dir='ltr' id='par_1_3' title="bbox 308 954 1454 1144">
     <span class='ocr_line' id='line_1_5' title="bbox 397 954 1454 1039; baseline 0.001 -23"><span class='ocrx_word' id='word_1_32' title='bbox 397 954 507 1016; x_wconf 84' lang='lat' dir='ltr'>Contra</span> <span class='ocrx_word' id='word_1_33' title='bbox 540 956 613 1017; x_wconf 79' lang='lat' dir='ltr'>‘siet&#39;</span> <span class='ocrx_word' id='word_1_34' title='bbox 645 961 762 1037; x_wconf 81' lang='lat' dir='ltr'>‘possiet</span> <span class='ocrx_word' id='word_1_35' title='bbox 804 964 872 1017; x_wconf 87' lang='lat' dir='ltr'>ante</span> <span class='ocrx_word' id='word_1_36' title='bbox 907 958 1042 1017; x_wconf 90' lang='lat' dir='ltr'>ultimam</span> <span class='ocrx_word' id='word_1_37' title='bbox 1079 958 1230 1039; x_wconf 89' lang='lat' dir='ltr'>dipodiam</span> <span class='ocrx_word' id='word_1_38' title='bbox 1266 960 1454 1019; x_wconf 90' lang='lat' dir='ltr'>inveniuntur</span> 
     </span>
     <span class='ocr_line' id='line_1_6' title="bbox 308 1060 1149 1144; baseline 0.005 -23"><span class='ocrx_word' id='word_1_39' title='bbox 308 1061 398 1121; x_wconf 88' lang='lat' dir='ltr'>Poen.</span> <span class='ocrx_word' id='word_1_40' title='bbox 425 1064 485 1121; x_wconf 83' lang='grc'>148</span> <span class='ocrx_word' id='word_1_41' title='bbox 509 1060 567 1122; x_wconf 84' lang='lat' dir='ltr'>‘ubi</span> <span class='ocrx_word' id='word_1_42' title='bbox 589 1061 746 1122; x_wconf 88' lang='lat' dir='ltr'>dissolutus</span> <span class='ocrx_word' id='word_1_43' title='bbox 770 1070 803 1122; x_wconf 88' lang='lat' dir='ltr'>tn</span> <span class='ocrx_word' id='word_1_44' title='bbox 825 1065 891 1137; x_wconf 86' lang='lat' dir='ltr'>sies,</span> <span class='ocrx_word' id='word_1_45' title='bbox 913 1083 968 1142; x_wconf 84' lang='lat' dir='ltr'>ego</span> <span class='ocrx_word' id='word_1_46' title='bbox 990 1063 1149 1144; x_wconf 75' lang='lat' dir='ltr'>pendeam.</span> 
     </span>
    </p>
   </div>
   <div class='ocr_carea' id='block_1_3' title="bbox 298 1166 1455 2939">
    <p class='ocr_par' dir='ltr' id='par_1_4' title="bbox 309 1166 1454 1459">
     <span class='ocr_line' id='line_1_7' title="bbox 317 1166 1452 1251; baseline 0 -22"><span class='ocrx_word' id='word_1_47' title='bbox 317 1190 320 1194; x_wconf 90' lang='lat'>·</span> <span class='ocrx_word' id='word_1_48' title='bbox 397 1166 489 1231; x_wconf 88' lang='lat' dir='ltr'>Stich.</span> <span class='ocrx_word' id='word_1_49' title='bbox 515 1170 577 1229; x_wconf 86' lang='grc'>202</span> <span class='ocrx_word' id='word_1_50' title='bbox 602 1168 644 1248; x_wconf 89' lang='lat' dir='ltr'>(A</span> <span class='ocrx_word' id='word_1_51' title='bbox 658 1169 716 1249; x_wconf 88' lang='lat' dir='ltr'>P):</span> <span class='ocrx_word' id='word_1_52' title='bbox 746 1169 864 1229; x_wconf 88' lang='lat' dir='ltr'>‘abeunt</span> <span class='ocrx_word' id='word_1_53' title='bbox 885 1171 1058 1250; x_wconf 88' lang='lat' dir='ltr'>perquirunt</span> <span class='ocrx_word' id='word_1_54' title='bbox 1079 1170 1152 1251; x_wconf 92' lang='lat' dir='ltr'>quid</span> <span class='ocrx_word' id='word_1_55' title='bbox 1173 1173 1229 1231; x_wconf 91' lang='lat' dir='ltr'>siet</span> <span class='ocrx_word' id='word_1_56' title='bbox 1251 1188 1356 1229; x_wconf 88' lang='lat' dir='ltr'>causae</span> <span class='ocrx_word' id='word_1_57' title='bbox 1377 1168 1452 1229; x_wconf 91' lang='lat' dir='ltr'>ilico&#39;</span> 
     </span>
     <span class='ocr_line' id='line_1_8' title="bbox 310 1274 1454 1356; baseline 0.003 -24"><span class='ocrx_word' id='word_1_58' title='bbox 310 1274 359 1354; x_wconf 86' lang='lat' dir='ltr'>qui</span> <span class='ocrx_word' id='word_1_59' title='bbox 379 1292 482 1334; x_wconf 77' lang='lat' dir='ltr'>versus</span> <span class='ocrx_word' id='word_1_60' title='bbox 504 1276 557 1334; x_wconf 80' lang='lat' dir='ltr'>vix</span> <span class='ocrx_word' id='word_1_61' title='bbox 579 1274 743 1335; x_wconf 81' lang='lat' dir='ltr'>afferendus</span> <span class='ocrx_word' id='word_1_62' title='bbox 761 1283 822 1349; x_wconf 86' lang='lat' dir='ltr'>est,</span> <span class='ocrx_word' id='word_1_63' title='bbox 846 1274 882 1335; x_wconf 83' lang='lat' dir='ltr'>cl.</span> <span class='ocrx_word' id='word_1_64' title='bbox 907 1274 1035 1335; x_wconf 86' lang='lat' dir='ltr'>Leonem</span> <span class='ocrx_word' id='word_1_65' title='bbox 1058 1274 1116 1337; x_wconf 93' lang='lat' dir='ltr'>ibd.</span> <span class='ocrx_word' id='word_1_66' title='bbox 1141 1278 1212 1351; x_wconf 73' lang='lat'>315,</span> <span class='ocrx_word' id='word_1_67' title='bbox 1245 1283 1454 1356; x_wconf 82' lang='lat' dir='ltr'>contraquam</span> 
     </span>
     <span class='ocr_line' id='line_1_9' title="bbox 309 1370 1387 1459; baseline 0 -20"><span class='ocrx_word' id='word_1_68' title='bbox 309 1376 436 1439; x_wconf 82' lang='lat' dir='ltr'>Skutsch</span> <span class='ocrx_word' id='word_1_69' title='bbox 458 1378 649 1440; x_wconf 85' lang='lat' dir='ltr'>Vollm&#39;ollers</span> <span class='ocrx_word' id='word_1_70' title='bbox 665 1378 710 1459; x_wconf 85' lang='lat' dir='ltr'>jb.</span> <span class='ocrx_word' id='word_1_71' title='bbox 733 1381 785 1441; x_wconf 90' lang='lat' dir='ltr'>IV.</span> <span class='ocrx_word' id='word_1_72' title='bbox 811 1383 860 1440; x_wconf 87' lang='grc'>84.</span> <span class='ocrx_word' id='word_1_73' title='bbox 1385 1370 1387 1373; x_wconf 41' lang='grc'>’</span> 
     </span>
    </p>

    <p class='ocr_par' dir='ltr' id='par_1_5' title="bbox 307 1480 1453 1651">
     <span class='ocr_line' id='line_1_10' title="bbox 395 1480 1453 1568; baseline 0.003 -24"><span class='ocrx_word' id='word_1_74' title='bbox 395 1480 504 1565; x_wconf 82' lang='lat' dir='ltr'><strong>Amph.</strong></span> <span class='ocrx_word' id='word_1_75' title='bbox 532 1488 592 1546; x_wconf 87' lang='grc'>130</span> <span class='ocrx_word' id='word_1_76' title='bbox 625 1485 712 1546; x_wconf 80' lang='lat' dir='ltr'>‘haud</span> <span class='ocrx_word' id='word_1_77' title='bbox 734 1490 890 1568; x_wconf 87' lang='lat' dir='ltr'>quisquam</span> <span class='ocrx_word' id='word_1_78' title='bbox 921 1495 1039 1568; x_wconf 83' lang='lat' dir='ltr'>quaeret</span> <span class='ocrx_word' id='word_1_79' title='bbox 1071 1489 1121 1568; x_wconf 90' lang='lat' dir='ltr'>qni</span> <span class='ocrx_word' id='word_1_80' title='bbox 1144 1491 1216 1547; x_wconf 90' lang='lat' dir='ltr'>siem</span> <span class='ocrx_word' id='word_1_81' title='bbox 1238 1494 1290 1547; x_wconf 85' lang='lat' dir='ltr'>aut</span> <span class='ocrx_word' id='word_1_82' title='bbox 1311 1485 1383 1568; x_wconf 91' lang='lat' dir='ltr'>quid</span> <span class='ocrx_word' id='word_1_83' title='bbox 1404 1506 1453 1547; x_wconf 89' lang='lat' dir='ltr'>ve-</span> 
     </span>
     <span class='ocr_line' id='line_1_11' title="bbox 307 1590 416 1651; baseline 0 -2"><span class='ocrx_word' id='word_1_84' title='bbox 307 1590 416 1651; x_wconf 82' lang='lat' dir='ltr'>nerim’.</span> 
     </span>
    </p>

    <p class='ocr_par' dir='ltr' id='par_1_6' title="bbox 309 1696 1454 1885">
     <span class='ocr_line' id='line_1_12' title="bbox 396 1696 1454 1779; baseline 0 -23"><span class='ocrx_word' id='word_1_85' title='bbox 396 1696 501 1757; x_wconf 89' lang='lat' dir='ltr'>Bacch.</span> <span class='ocrx_word' id='word_1_86' title='bbox 528 1700 589 1759; x_wconf 97' lang='grc'>762</span> <span class='ocrx_word' id='word_1_87' title='bbox 614 1702 778 1777; x_wconf 83' lang='lat' dir='ltr'>‘metuoque</span> <span class='ocrx_word' id='word_1_88' title='bbox 799 1704 833 1757; x_wconf 90' lang='lat' dir='ltr'>ut</span> <span class='ocrx_word' id='word_1_89' title='bbox 854 1696 944 1757; x_wconf 90' lang='lat' dir='ltr'>hodie</span> <span class='ocrx_word' id='word_1_90' title='bbox 965 1700 1091 1779; x_wconf 86' lang='lat' dir='ltr'>possiem</span> <span class='ocrx_word' id='word_1_91' title='bbox 1114 1698 1275 1773; x_wconf 86' lang='lat' dir='ltr'>emolirier&#39;‚</span> <span class='ocrx_word' id='word_1_92' title='bbox 1296 1697 1401 1778; x_wconf 92' lang='lat' dir='ltr'>quibus</span> <span class='ocrx_word' id='word_1_93' title='bbox 1422 1701 1454 1757; x_wconf 90' lang='lat' dir='ltr'>in</span> 
     </span>
     <span class='ocr_line' id='line_1_13' title="bbox 309 1801 1203 1885; baseline 0.002 -24"><span class='ocrx_word' id='word_1_94' title='bbox 309 1801 442 1862; x_wconf 89' lang='lat' dir='ltr'>versibus</span> <span class='ocrx_word' id='word_1_95' title='bbox 464 1811 531 1864; x_wconf 88' lang='lat' dir='ltr'>ante</span> <span class='ocrx_word' id='word_1_96' title='bbox 553 1812 687 1885; x_wconf 85' lang='lat' dir='ltr'>quartam</span> <span class='ocrx_word' id='word_1_97' title='bbox 710 1804 789 1862; x_wconf 90' lang='lat' dir='ltr'>arsin</span> <span class='ocrx_word' id='word_1_98' title='bbox 813 1803 916 1862; x_wconf 85' lang='lat' dir='ltr'>ultima</span> <span class='ocrx_word' id='word_1_99' title='bbox 938 1802 1054 1884; x_wconf 82' lang='lat' dir='ltr'>syllaba</span> <span class='ocrx_word' id='word_1_100' title='bbox 1076 1802 1203 1864; x_wconf 81' lang='lat' dir='ltr'>eliditur.</span> 
     </span>
    </p>

    <p class='ocr_par' dir='ltr' id='par_1_7' title="bbox 298 1906 1453 2096">
     <span class='ocr_line' id='line_1_14' title="bbox 396 1906 1453 1989; baseline -0.001 -21"><span class='ocrx_word' id='word_1_101' title='bbox 396 1906 459 1969; x_wconf 86' lang='lat' dir='ltr'>Cas.</span> <span class='ocrx_word' id='word_1_102' title='bbox 486 1912 545 1969; x_wconf 87' lang='grc'>173</span> <span class='ocrx_word' id='word_1_103' title='bbox 569 1912 600 1969; x_wconf 90' lang='lat' dir='ltr'>in</span> <span class='ocrx_word' id='word_1_104' title='bbox 622 1912 737 1970; x_wconf 88' lang='lat' dir='ltr'>senario</span> <span class='ocrx_word' id='word_1_105' title='bbox 759 1909 868 1989; x_wconf 87' lang='lat' dir='ltr'>lyrico:</span> <span class='ocrx_word' id='word_1_106' title='bbox 900 1908 989 1980; x_wconf 86' lang='lat' dir='ltr'>‘domi</span> <span class='ocrx_word' id='word_1_107' title='bbox 1020 1917 1049 1969; x_wconf 91' lang='lat' dir='ltr'>et</span> <span class='ocrx_word' id='word_1_108' title='bbox 1071 1909 1142 1969; x_wconf 88' lang='lat' dir='ltr'>foris</span> <span class='ocrx_word' id='word_1_109' title='bbox 1173 1928 1259 1987; x_wconf 86' lang='lat' dir='ltr'>aegre</span> <span class='ocrx_word' id='word_1_110' title='bbox 1288 1908 1366 1988; x_wconf 92' lang='lat' dir='ltr'>quod</span> <span class='ocrx_word' id='word_1_111' title='bbox 1390 1911 1453 1983; x_wconf 86' lang='lat' dir='ltr'>siet,</span> 
     </span>
     <span class='ocr_line' id='line_1_15' title="bbox 298 2007 1026 2096; baseline 0.004 -24"><span class='ocrx_word' id='word_1_112' title='bbox 298 2007 380 2073; x_wconf 82' lang='lat' dir='ltr'>¹satis</span> <span class='ocrx_word' id='word_1_113' title='bbox 402 2034 515 2096; x_wconf 85' lang='lat' dir='ltr'>semper</span> <span class='ocrx_word' id='word_1_114' title='bbox 537 2016 598 2090; x_wconf 81' lang='lat' dir='ltr'>est&#39;,</span> <span class='ocrx_word' id='word_1_115' title='bbox 621 2014 672 2075; x_wconf 90' lang='lat' dir='ltr'>ubi</span> <span class='ocrx_word' id='word_1_116' title='bbox 695 2014 762 2074; x_wconf 85' lang='grc' dir='ltr'>ΑΡ</span> <span class='ocrx_word' id='word_1_117' title='bbox 785 2016 840 2074; x_wconf 81' lang='lat' dir='ltr'>‘sit’</span> <span class='ocrx_word' id='word_1_118' title='bbox 863 2014 983 2074; x_wconf 89' lang='lat' dir='ltr'>tradunt</span> <span class='ocrx_word' id='word_1_119' title='bbox 992 2010 1026 2095; x_wconf 77' lang='lat'>⁸).</span> 
     </span>
    </p>

    <p class='ocr_par' dir='ltr' id='par_1_8' title="bbox 309 2118 1453 2305">
     <span class='ocr_line' id='line_1_16' title="bbox 395 2118 1453 2202; baseline -0.001 -23"><span class='ocrx_word' id='word_1_120' title='bbox 395 2119 468 2179; x_wconf 85' lang='lat' dir='ltr'>Post</span> <span class='ocrx_word' id='word_1_121' title='bbox 496 2123 619 2202; x_wconf 83' lang='lat' dir='ltr'>primam</span> <span class='ocrx_word' id='word_1_122' title='bbox 651 2123 728 2179; x_wconf 88' lang='lat' dir='ltr'>arsin</span> <span class='ocrx_word' id='word_1_123' title='bbox 760 2123 918 2201; x_wconf 84' lang='lat' dir='ltr'>septenarii</span> <span class='ocrx_word' id='word_1_124' title='bbox 948 2120 1039 2180; x_wconf 89' lang='lat' dir='ltr'>troch.</span> <span class='ocrx_word' id='word_1_125' title='bbox 1072 2128 1155 2180; x_wconf 82' lang='lat' dir='ltr'>extat</span> <span class='ocrx_word' id='word_1_126' title='bbox 1177 2118 1261 2179; x_wconf 80' lang='lat' dir='ltr'>Cure.</span> <span class='ocrx_word' id='word_1_127' title='bbox 1286 2124 1365 2180; x_wconf 76' lang='lat'>322:</span> <span class='ocrx_word' id='word_1_128' title='bbox 1395 2119 1453 2179; x_wconf 89' lang='lat' dir='ltr'>‘ubi</span> 
     </span>
     <span class='ocr_line' id='line_1_17' title="bbox 309 2225 1261 2305; baseline 0 -21"><span class='ocrx_word' id='word_1_129' title='bbox 309 2227 391 2299; x_wconf 76' lang='lat' dir='ltr'>sient,</span> <span class='ocrx_word' id='word_1_130' title='bbox 414 2247 482 2285; x_wconf 88' lang='lat' dir='ltr'>nam</span> <span class='ocrx_word' id='word_1_131' title='bbox 504 2226 565 2285; x_wconf 93' lang='lat' dir='ltr'>illis</span> <span class='ocrx_word' id='word_1_132' title='bbox 587 2229 739 2286; x_wconf 84' lang='lat' dir='ltr'>conventis</span> <span class='ocrx_word' id='word_1_133' title='bbox 762 2245 831 2286; x_wconf 88' lang='lat' dir='ltr'>sane</span> <span class='ocrx_word' id='word_1_134' title='bbox 854 2246 927 2305; x_wconf 93' lang='lat' dir='ltr'>opus</span> <span class='ocrx_word' id='word_1_135' title='bbox 950 2235 995 2286; x_wconf 90' lang='lat' dir='ltr'>est</span> <span class='ocrx_word' id='word_1_136' title='bbox 1015 2230 1088 2286; x_wconf 89' lang='lat' dir='ltr'>meis</span> <span class='ocrx_word' id='word_1_137' title='bbox 1110 2225 1261 2285; x_wconf 88' lang='lat' dir='ltr'>dentibus&#39;.</span> 
     </span>
    </p>

    <p class='ocr_par' dir='ltr' id='par_1_9' title="bbox 308 2330 1455 2519">
     <span class='ocr_line' id='line_1_18' title="bbox 396 2330 1455 2414; baseline -0.001 -23"><span class='ocrx_word' id='word_1_138' title='bbox 396 2332 483 2391; x_wconf 89' lang='lat' dir='ltr'>Merc.</span> <span class='ocrx_word' id='word_1_139' title='bbox 511 2336 548 2392; x_wconf 84' lang='lat'>17</span> <span class='ocrx_word' id='word_1_140' title='bbox 554 2335 570 2391; x_wconf 79' lang='lat'>5</span> <span class='ocrx_word' id='word_1_141' title='bbox 605 2331 685 2414; x_wconf 90' lang='lat' dir='ltr'>‘quid</span> <span class='ocrx_word' id='word_1_142' title='bbox 713 2334 768 2391; x_wconf 85' lang='lat' dir='ltr'>siet</span> <span class='ocrx_word' id='word_1_143' title='bbox 790 2331 869 2413; x_wconf 91' lang='lat' dir='ltr'>quod</span> <span class='ocrx_word' id='word_1_144' title='bbox 890 2352 938 2392; x_wconf 92' lang='lat' dir='ltr'>me</span> <span class='ocrx_word' id='word_1_145' title='bbox 959 2353 1014 2412; x_wconf 88' lang='lat' dir='ltr'>per</span> <span class='ocrx_word' id='word_1_146' title='bbox 1034 2331 1136 2392; x_wconf 90' lang='lat' dir='ltr'>urbem</span> <span class='ocrx_word' id='word_1_147' title='bbox 1158 2351 1274 2392; x_wconf 88' lang='lat' dir='ltr'>currens</span> <span class='ocrx_word' id='word_1_148' title='bbox 1296 2330 1455 2411; x_wconf 86' lang='lat' dir='ltr'>quaerebas</span> 
     </span>
     <span class='ocr_line' id='line_1_19' title="bbox 308 2435 1146 2519; baseline 0.001 -23"><span class='ocrx_word' id='word_1_149' title='bbox 308 2435 412 2497; x_wconf 84' lang='lat' dir='ltr'>modo&#39;.</span> <span class='ocrx_word' id='word_1_150' title='bbox 457 2438 606 2519; x_wconf 89' lang='lat' dir='ltr'>(exempla</span> <span class='ocrx_word' id='word_1_151' title='bbox 629 2438 749 2497; x_wconf 89' lang='lat' dir='ltr'>adnotat</span> <span class='ocrx_word' id='word_1_152' title='bbox 772 2437 880 2497; x_wconf 87' lang='lat' dir='ltr'>Miiller</span> <span class='ocrx_word' id='word_1_153' title='bbox 901 2438 1061 2515; x_wconf 81' lang='lat' dir='ltr'>nachtriige</span> <span class='ocrx_word' id='word_1_154' title='bbox 1085 2439 1146 2517; x_wconf 82' lang='lat'>83).</span> 
     </span>
    </p>

    <p class='ocr_par' dir='ltr' id='par_1_10' title="bbox 308 2540 1455 2939">
     <span class='ocr_line' id='line_1_20' title="bbox 395 2540 1455 2623; baseline -0.001 -22"><span class='ocrx_word' id='word_1_155' title='bbox 395 2541 496 2602; x_wconf 85' lang='lat' dir='ltr'>Verba</span> <span class='ocrx_word' id='word_1_156' title='bbox 511 2542 616 2602; x_wconf 87' lang='lat' dir='ltr'>suffixo</span> <span class='ocrx_word' id='word_1_157' title='bbox 633 2579 674 2588; x_wconf 96' lang='lat'>—</span> <span class='ocrx_word' id='word_1_158' title='bbox 692 2542 774 2601; x_wconf 76' lang='lat' dir='ltr'>‘culo’</span> <span class='ocrx_word' id='word_1_159' title='bbox 790 2543 875 2602; x_wconf 86' lang='lat' dir='ltr'>finita</span> <span class='ocrx_word' id='word_1_160' title='bbox 890 2550 940 2602; x_wconf 88' lang='lat' dir='ltr'>aut</span> <span class='ocrx_word' id='word_1_161' title='bbox 956 2542 1132 2602; x_wconf 88' lang='lat' dir='ltr'>diminutiva</span> <span class='ocrx_word' id='word_1_162' title='bbox 1146 2550 1222 2617; x_wconf 87' lang='lat' dir='ltr'>sunt,</span> <span class='ocrx_word' id='word_1_163' title='bbox 1244 2561 1319 2623; x_wconf 87' lang='lat' dir='ltr'>quae</span> <span class='ocrx_word' id='word_1_164' title='bbox 1341 2540 1455 2601; x_wconf 83' lang='lat' dir='ltr'>suffixis</span> 
     </span>
     <span class='ocr_line' id='line_1_21' title="bbox 309 2645 1454 2729; baseline -0.001 -22"><span class='ocrx_word' id='word_1_165' title='bbox 309 2648 363 2707; x_wconf 80' lang='lat' dir='ltr'>‘cu&#39;</span> <span class='ocrx_word' id='word_1_166' title='bbox 386 2655 416 2708; x_wconf 85' lang='lat' dir='ltr'>et</span> <span class='ocrx_word' id='word_1_167' title='bbox 432 2648 479 2707; x_wconf 84' lang='lat' dir='ltr'>‘lo’</span> <span class='ocrx_word' id='word_1_168' title='bbox 493 2647 704 2724; x_wconf 87' lang='lat' dir='ltr'>formabuntur,</span> <span class='ocrx_word' id='word_1_169' title='bbox 727 2657 777 2708; x_wconf 86' lang='lat' dir='ltr'>ant</span> <span class='ocrx_word' id='word_1_170' title='bbox 791 2650 888 2729; x_wconf 89' lang='lat' dir='ltr'>priore</span> <span class='ocrx_word' id='word_1_171' title='bbox 903 2657 999 2709; x_wconf 88' lang='lat' dir='ltr'>aetate</span> <span class='ocrx_word' id='word_1_172' title='bbox 1014 2652 1045 2708; x_wconf 92' lang='lat' dir='ltr'>in</span> <span class='ocrx_word' id='word_1_173' title='bbox 1067 2685 1110 2693; x_wconf 95' lang='lat'>—</span> <span class='ocrx_word' id='word_1_174' title='bbox 1132 2648 1191 2708; x_wconf 81' lang='lat' dir='ltr'>‘tlo’</span> <span class='ocrx_word' id='word_1_175' title='bbox 1213 2650 1353 2722; x_wconf 81' lang='lat' dir='ltr'>exierunt,</span> <span class='ocrx_word' id='word_1_176' title='bbox 1376 2645 1454 2728; x_wconf 92' lang='lat' dir='ltr'>qnod</span> 
     </span>
     <span class='ocr_line' id='line_1_22' title="bbox 308 2753 1454 2836; baseline -0.001 -23"><span class='ocrx_word' id='word_1_177' title='bbox 308 2788 351 2797; x_wconf 97' lang='lat'>-</span> <span class='ocrx_word' id='word_1_178' title='bbox 367 2753 438 2829; x_wconf 88' lang='lat' dir='ltr'>‘clo&#39;‚</span> <span class='ocrx_word' id='word_1_179' title='bbox 462 2754 545 2813; x_wconf 89' lang='lat' dir='ltr'>‘culo&#39;</span> <span class='ocrx_word' id='word_1_180' title='bbox 567 2755 677 2814; x_wconf 84' lang='lat' dir='ltr'>factum</span> <span class='ocrx_word' id='word_1_181' title='bbox 701 2763 752 2814; x_wconf 90' lang='lat' dir='ltr'>est.</span> <span class='ocrx_word' id='word_1_182' title='bbox 797 2754 856 2815; x_wconf 83' lang='lat' dir='ltr'>Sed</span> <span class='ocrx_word' id='word_1_183' title='bbox 876 2753 1056 2836; x_wconf 88' lang='lat' dir='ltr'>temporibus</span> <span class='ocrx_word' id='word_1_184' title='bbox 1070 2753 1216 2814; x_wconf 85' lang='lat' dir='ltr'>Plautinis</span> <span class='ocrx_word' id='word_1_185' title='bbox 1230 2754 1333 2832; x_wconf 83' lang='lat' dir='ltr'>lingua</span> <span class='ocrx_word' id='word_1_186' title='bbox 1347 2754 1454 2813; x_wconf 87' lang='lat' dir='ltr'>Latina</span> 
     </span>
     <span class='ocr_line' id='line_1_23' title="bbox 309 2858 1455 2939; baseline 0 -22"><span class='ocrx_word' id='word_1_187' title='bbox 309 2860 461 2938; x_wconf 91' lang='lat' dir='ltr'>antiquam</span> <span class='ocrx_word' id='word_1_188' title='bbox 483 2858 677 2919; x_wconf 86' lang='lat' dir='ltr'>differentiam</span> <span class='ocrx_word' id='word_1_189' title='bbox 700 2868 804 2939; x_wconf 87' lang='lat' dir='ltr'>postea</span> <span class='ocrx_word' id='word_1_190' title='bbox 824 2858 912 2939; x_wconf 91' lang='lat' dir='ltr'>plane</span> <span class='ocrx_word' id='word_1_191' title='bbox 934 2859 1117 2920; x_wconf 87' lang='lat' dir='ltr'>obscuratam</span> <span class='ocrx_word' id='word_1_192' title='bbox 1137 2866 1311 2919; x_wconf 87' lang='lat' dir='ltr'>servaverat.</span> <span class='ocrx_word' id='word_1_193' title='bbox 1356 2858 1455 2919; x_wconf 86' lang='lat' dir='ltr'>Verba</span> 
     </span>
    </p>
   </div>
   <div class='ocr_carea' id='block_1_4' title="bbox 308 3084 1455 3356">
    <p class='ocr_par' dir='ltr' id='par_1_11' title="bbox 308 3084 1455 3356">
     <span class='ocr_line' id='line_1_24' title="bbox 401 3084 1455 3157; baseline -0.003 -16"><span class='ocrx_word' id='word_1_194' title='bbox 401 3088 428 3154; x_wconf 87' lang='grc'>1)</span> <span class='ocrx_word' id='word_1_195' title='bbox 455 3088 521 3142; x_wconf 91' lang='lat' dir='ltr'>item</span> <span class='ocrx_word' id='word_1_196' title='bbox 539 3088 663 3143; x_wconf 83' lang='lat' dir='ltr'>Solmsen</span> <span class='ocrx_word' id='word_1_197' title='bbox 691 3087 800 3143; x_wconf 88' lang='lat' dir='ltr'>studien</span> <span class='ocrx_word' id='word_1_198' title='bbox 829 3104 878 3142; x_wconf 87' lang='lat' dir='ltr'>zur</span> <span class='ocrx_word' id='word_1_199' title='bbox 905 3088 954 3142; x_wconf 87' lang='lat' dir='ltr'>lat.</span> <span class='ocrx_word' id='word_1_200' title='bbox 983 3087 1285 3157; x_wconf 79' lang='lat' dir='ltr'>lantgeschichte1673</span> <span class='ocrx_word' id='word_1_201' title='bbox 1314 3084 1348 3141; x_wconf 91' lang='lat' dir='ltr'>de</span> <span class='ocrx_word' id='word_1_202' title='bbox 1375 3101 1455 3141; x_wconf 77' lang='lat' dir='ltr'>versu</span> 
     </span>
     <span class='ocr_line' id='line_1_25' title="bbox 308 3176 680 3232; baseline 0 -1"><span class='ocrx_word' id='word_1_203' title='bbox 308 3176 404 3232; x_wconf 86' lang='lat' dir='ltr'>Titinii</span> <span class='ocrx_word' id='word_1_204' title='bbox 422 3192 477 3232; x_wconf 88' lang='lat' dir='ltr'>non</span> <span class='ocrx_word' id='word_1_205' title='bbox 496 3176 680 3232; x_wconf 86' lang='lat' dir='ltr'>indicaverim.</span> 
     </span>
     <span class='ocr_line' id='line_1_26' title="bbox 398 3283 1455 3356; baseline -0.001 -17"><span class='ocrx_word' id='word_1_206' title='bbox 398 3286 427 3356; x_wconf 85' lang='grc'>2)</span> <span class='ocrx_word' id='word_1_207' title='bbox 455 3286 576 3340; x_wconf 84' lang='lat' dir='ltr'>fortasse</span> <span class='ocrx_word' id='word_1_208' title='bbox 604 3286 703 3340; x_wconf 88' lang='lat' dir='ltr'>Bacch.</span> <span class='ocrx_word' id='word_1_209' title='bbox 731 3289 799 3339; x_wconf 83' lang='grc'><strong>1087</strong></span> <span class='ocrx_word' id='word_1_210' title='bbox 829 3291 894 3339; x_wconf 90' lang='lat' dir='ltr'>ante</span> <span class='ocrx_word' id='word_1_211' title='bbox 930 3284 1075 3339; x_wconf 85' lang='lat' dir='ltr'>diaeresim</span> <span class='ocrx_word' id='word_1_212' title='bbox 1104 3284 1273 3353; x_wconf 87' lang='lat' dir='ltr'>anapaestici</span> <span class='ocrx_word' id='word_1_213' title='bbox 1301 3283 1455 3339; x_wconf 89' lang='lat' dir='ltr'>tetrametri</span> 
     </span>
    </p>
   </div>
   <div class='ocr_carea' id='block_1_5' title="bbox 308 3374 1455 3521">
    <p class='ocr_par' dir='ltr' id='par_1_12' title="bbox 308 3374 1455 3521">
     <span class='ocr_line' id='line_1_27' title="bbox 309 3374 1455 3445; baseline 0 -16"><span class='ocrx_word' id='word_1_214' title='bbox 309 3375 464 3430; x_wconf 85' lang='lat' dir='ltr'>catalectici</span> <span class='ocrx_word' id='word_1_215' title='bbox 483 3375 656 3445; x_wconf 88' lang='lat' dir='ltr'>‘quicumque</span> <span class='ocrx_word' id='word_1_216' title='bbox 674 3375 721 3430; x_wconf 88' lang='lat' dir='ltr'>nbi</span> <span class='ocrx_word' id='word_1_217' title='bbox 739 3376 787 3429; x_wconf 85' lang='lat' dir='ltr'>ubi</span> <span class='ocrx_word' id='word_1_218' title='bbox 806 3380 883 3444; x_wconf 88' lang='lat' dir='ltr'>sunt,</span> <span class='ocrx_word' id='word_1_219' title='bbox 915 3376 962 3444; x_wconf 89' lang='lat' dir='ltr'>qui</span> <span class='ocrx_word' id='word_1_220' title='bbox 980 3374 1117 3429; x_wconf 84' lang='lat' dir='ltr'>iuernnt:’</span> <span class='ocrx_word' id='word_1_221' title='bbox 1137 3375 1178 3429; x_wconf 86' lang='lat' dir='ltr'>ita</span> <span class='ocrx_word' id='word_1_222' title='bbox 1195 3374 1260 3429; x_wconf 87' lang='lat' dir='ltr'>Itali</span> <span class='ocrx_word' id='word_1_223' title='bbox 1277 3374 1455 3443; x_wconf 87' lang='lat' dir='ltr'>scripserunt.</span> 
     </span>
     <span class='ocr_line' id='line_1_28' title="bbox 308 3463 448 3521; baseline 0.014 -2"><span class='ocrx_word' id='word_1_224' title='bbox 308 3463 344 3520; x_wconf 86' lang='lat' dir='ltr'>cf.</span> <span class='ocrx_word' id='word_1_225' title='bbox 365 3464 448 3521; x_wconf 84' lang='lat' dir='ltr'>infra.</span> 
     </span>
    </p>
   </div>
   <div class='ocr_carea' id='block_1_6' title="bbox 309 3569 1456 4633">
    <p class='ocr_par' dir='ltr' id='par_1_13' title="bbox 309 3569 1456 4633">
     <span class='ocr_line' id='line_1_29' title="bbox 399 3569 1454 3644; baseline -0.004 -15"><span class='ocrx_word' id='word_1_226' title='bbox 399 3574 427 3643; x_wconf 84' lang='lat'>3)</span> <span class='ocrx_word' id='word_1_227' title='bbox 458 3574 527 3627; x_wconf 91' lang='lat' dir='ltr'>Item</span> <span class='ocrx_word' id='word_1_228' title='bbox 564 3579 628 3627; x_wconf 86' lang='lat' dir='ltr'>ante</span> <span class='ocrx_word' id='word_1_229' title='bbox 656 3573 779 3628; x_wconf 86' lang='lat' dir='ltr'>ultimam</span> <span class='ocrx_word' id='word_1_230' title='bbox 810 3569 947 3642; x_wconf 90' lang='lat' dir='ltr'>dipodiam</span> <span class='ocrx_word' id='word_1_231' title='bbox 976 3573 1050 3644; x_wconf 86' lang='lat' dir='ltr'>apud</span> <span class='ocrx_word' id='word_1_232' title='bbox 1077 3573 1235 3628; x_wconf 88' lang='lat' dir='ltr'>Terentium</span> <span class='ocrx_word' id='word_1_233' title='bbox 1260 3572 1344 3628; x_wconf 83' lang='lat' dir='ltr'>‘siem’</span> <span class='ocrx_word' id='word_1_234' title='bbox 1371 3572 1454 3626; x_wconf 86' lang='lat' dir='ltr'>Haut.</span> 
     </span>
     <span class='ocr_line' id='line_1_30' title="bbox 312 3661 1455 3733; baseline -0.002 -16"><span class='ocrx_word' id='word_1_235' title='bbox 312 3666 388 3731; x_wconf 88' lang='grc'><strong>1021,</strong></span> <span class='ocrx_word' id='word_1_236' title='bbox 412 3662 478 3717; x_wconf 83' lang='lat' dir='ltr'>Hac.</span> <span class='ocrx_word' id='word_1_237' title='bbox 498 3665 549 3717; x_wconf 87' lang='grc'>631</span> <span class='ocrx_word' id='word_1_238' title='bbox 569 3663 635 3717; x_wconf 90' lang='lat' dir='ltr'>Hec.</span> <span class='ocrx_word' id='word_1_239' title='bbox 655 3665 707 3718; x_wconf 80' lang='grc'>667</span> <span class='ocrx_word' id='word_1_240' title='bbox 728 3664 765 3733; x_wconf 75' lang='lat' dir='ltr'>(i)</span> <span class='ocrx_word' id='word_1_241' title='bbox 785 3661 918 3717; x_wconf 88' lang='lat' dir='ltr'>traditum</span> <span class='ocrx_word' id='word_1_242' title='bbox 936 3678 997 3717; x_wconf 87' lang='lat' dir='ltr'>essa</span> <span class='ocrx_word' id='word_1_243' title='bbox 1016 3679 1225 3718; x_wconf 90' lang='lat' dir='ltr'>commemorare</span> <span class='ocrx_word' id='word_1_244' title='bbox 1243 3678 1298 3717; x_wconf 91' lang='lat' dir='ltr'>non</span> <span class='ocrx_word' id='word_1_245' title='bbox 1316 3661 1455 3732; x_wconf 86' lang='lat' dir='ltr'>omittam;</span> 
     </span>
     <span class='ocr_line' id='line_1_31' title="bbox 309 3750 1454 3821; baseline 0.002 -16"><span class='ocrx_word' id='word_1_246' title='bbox 309 3768 363 3806; x_wconf 90' lang='lat' dir='ltr'>non</span> <span class='ocrx_word' id='word_1_247' title='bbox 387 3756 462 3806; x_wconf 89' lang='lat' dir='ltr'>recte</span> <span class='ocrx_word' id='word_1_248' title='bbox 490 3768 551 3806; x_wconf 89' lang='lat' dir='ltr'>mea</span> <span class='ocrx_word' id='word_1_249' title='bbox 574 3750 683 3819; x_wconf 89' lang='lat' dir='ltr'>quidem</span> <span class='ocrx_word' id='word_1_250' title='bbox 711 3752 850 3805; x_wconf 90' lang='lat' dir='ltr'>sententia</span> <span class='ocrx_word' id='word_1_251' title='bbox 867 3750 971 3806; x_wconf 89' lang='lat' dir='ltr'>iudicat</span> <span class='ocrx_word' id='word_1_252' title='bbox 990 3752 1094 3806; x_wconf 88' lang='lat' dir='ltr'>Hauler</span> <span class='ocrx_word' id='word_1_253' title='bbox 1113 3753 1175 3806; x_wconf 88' lang='lat' dir='ltr'>einl.</span> <span class='ocrx_word' id='word_1_254' title='bbox 1202 3752 1237 3807; x_wconf 93' lang='lat' dir='ltr'>ad</span> <span class='ocrx_word' id='word_1_255' title='bbox 1255 3753 1363 3807; x_wconf 91' lang='lat' dir='ltr'>Phorm.</span> <span class='ocrx_word' id='word_1_256' title='bbox 1393 3768 1454 3821; x_wconf 81' lang='lat' dir='ltr'>pag.</span> 
     </span>
     <span class='ocr_line' id='line_1_32' title="bbox 310 3840 1455 3911; baseline 0.001 -16"><span class='ocrx_word' id='word_1_257' title='bbox 310 3844 344 3896; x_wconf 84' lang='grc'>63</span> <span class='ocrx_word' id='word_1_258' title='bbox 364 3840 426 3895; x_wconf 90' lang='lat' dir='ltr'>adn.</span> <span class='ocrx_word' id='word_1_259' title='bbox 447 3849 507 3911; x_wconf 81' lang='lat' dir='ltr'>etc,</span> <span class='ocrx_word' id='word_1_260' title='bbox 526 3841 591 3896; x_wconf 85' lang='lat' dir='ltr'>item</span> <span class='ocrx_word' id='word_1_261' title='bbox 611 3841 705 3895; x_wconf 89' lang='lat' dir='ltr'>Kauer</span> <span class='ocrx_word' id='word_1_262' title='bbox 723 3840 775 3895; x_wconf 86' lang='lat' dir='ltr'>Ad.</span> <span class='ocrx_word' id='word_1_263' title='bbox 794 3858 857 3909; x_wconf 84' lang='lat' dir='ltr'>pag.</span> <span class='ocrx_word' id='word_1_264' title='bbox 879 3844 930 3895; x_wconf 85' lang='grc'>149</span> <span class='ocrx_word' id='word_1_265' title='bbox 949 3840 983 3895; x_wconf 92' lang='lat' dir='ltr'>ad</span> <span class='ocrx_word' id='word_1_266' title='bbox 1003 3846 1053 3911; x_wconf 81' lang='lat'>833</span> <span class='ocrx_word' id='word_1_267' title='bbox 1077 3841 1112 3896; x_wconf 85' lang='lat' dir='ltr'>ci.</span> <span class='ocrx_word' id='word_1_268' title='bbox 1133 3840 1262 3909; x_wconf 86' lang='lat' dir='ltr'>eundem,</span> <span class='ocrx_word' id='word_1_269' title='bbox 1290 3842 1337 3910; x_wconf 91' lang='lat' dir='ltr'>qui</span> <span class='ocrx_word' id='word_1_270' title='bbox 1362 3841 1398 3895; x_wconf 93' lang='lat' dir='ltr'>ad</span> <span class='ocrx_word' id='word_1_271' title='bbox 1416 3858 1455 3896; x_wconf 83' lang='lat' dir='ltr'>vs.</span> 
     </span>
     <span class='ocr_line' id='line_1_33' title="bbox 313 3929 1456 3998; baseline 0.001 -14"><span class='ocrx_word' id='word_1_272' title='bbox 313 3933 363 3985; x_wconf 89' lang='grc'>106</span> <span class='ocrx_word' id='word_1_273' title='bbox 392 3929 495 3986; x_wconf 85' lang='lat' dir='ltr'>formas</span> <span class='ocrx_word' id='word_1_274' title='bbox 523 3932 652 3998; x_wconf 88' lang='lat' dir='ltr'>antiquas</span> <span class='ocrx_word' id='word_1_275' title='bbox 672 3948 689 3985; x_wconf 90' lang='lat' dir='ltr'>a</span> <span class='ocrx_word' id='word_1_276' title='bbox 708 3930 838 3986; x_wconf 90' lang='lat' dir='ltr'>Terentio</span> <span class='ocrx_word' id='word_1_277' title='bbox 857 3931 910 3985; x_wconf 91' lang='lat' dir='ltr'>fine</span> <span class='ocrx_word' id='word_1_278' title='bbox 928 3946 1022 3986; x_wconf 84' lang='lat' dir='ltr'>versus</span> <span class='ocrx_word' id='word_1_279' title='bbox 1041 3930 1169 3986; x_wconf 86' lang='lat' dir='ltr'>defensas</span> <span class='ocrx_word' id='word_1_280' title='bbox 1194 3936 1335 3986; x_wconf 84' lang='lat' dir='ltr'>enumerat</span> <span class='ocrx_word' id='word_1_281' title='bbox 1357 3931 1456 3985; x_wconf 85' lang='lat' dir='ltr'>libros·</span> 
     </span>
     <span class='ocr_line' id='line_1_34' title="bbox 311 4018 1455 4090; baseline 0 -15"><span class='ocrx_word' id='word_1_282' title='bbox 311 4036 378 4089; x_wconf 87' lang='lat' dir='ltr'>que,</span> <span class='ocrx_word' id='word_1_283' title='bbox 399 4021 446 4089; x_wconf 91' lang='lat' dir='ltr'>qui</span> <span class='ocrx_word' id='word_1_284' title='bbox 464 4019 499 4075; x_wconf 87' lang='lat' dir='ltr'>de</span> <span class='ocrx_word' id='word_1_285' title='bbox 516 4020 559 4076; x_wconf 92' lang='lat' dir='ltr'>his</span> <span class='ocrx_word' id='word_1_286' title='bbox 578 4020 673 4075; x_wconf 80' lang='lat' dir='ltr'>formis</span> <span class='ocrx_word' id='word_1_287' title='bbox 693 4020 867 4075; x_wconf 85' lang='lat' dir='ltr'>Terentianis</span> <span class='ocrx_word' id='word_1_288' title='bbox 887 4026 980 4090; x_wconf 74' lang='lat' dir='ltr'>agunt,</span> <span class='ocrx_word' id='word_1_289' title='bbox 998 4018 1102 4075; x_wconf 90' lang='lat' dir='ltr'>laudat.</span> <span class='ocrx_word' id='word_1_290' title='bbox 1140 4020 1169 4075; x_wconf 88' lang='lat' dir='ltr'>Si</span> <span class='ocrx_word' id='word_1_291' title='bbox 1194 4020 1339 4075; x_wconf 85' lang='lat' dir='ltr'>Terentius</span> <span class='ocrx_word' id='word_1_292' title='bbox 1367 4021 1455 4088; x_wconf 71' lang='lat' dir='ltr'>‘scies</span> 
     </span>
     <span class='ocr_line' id='line_1_35' title="bbox 311 4108 1456 4180; baseline -0.001 -16"><span class='ocrx_word' id='word_1_293' title='bbox 311 4109 388 4165; x_wconf 89' lang='lat' dir='ltr'>sciet’</span> <span class='ocrx_word' id='word_1_294' title='bbox 407 4127 542 4180; x_wconf 86' lang='lat' dir='ltr'>nusquam</span> <span class='ocrx_word' id='word_1_295' title='bbox 566 4110 621 4165; x_wconf 78' lang='lat' dir='ltr'>nisi</span> <span class='ocrx_word' id='word_1_296' title='bbox 648 4111 676 4165; x_wconf 93' lang='lat' dir='ltr'>in</span> <span class='ocrx_word' id='word_1_297' title='bbox 704 4110 758 4165; x_wconf 88' lang='lat' dir='ltr'>fine</span> <span class='ocrx_word' id='word_1_298' title='bbox 776 4108 899 4165; x_wconf 87' lang='lat' dir='ltr'>admittit</span> <span class='ocrx_word' id='word_1_299' title='bbox 918 4116 1029 4180; x_wconf 87' lang='lat' dir='ltr'>praeter</span> <span class='ocrx_word' id='word_1_300' title='bbox 1047 4110 1129 4166; x_wconf 86' lang='lat' dir='ltr'>Haut.</span> <span class='ocrx_word' id='word_1_301' title='bbox 1149 4112 1219 4178; x_wconf 87' lang='grc'><strong>972,</strong></span> <span class='ocrx_word' id='word_1_302' title='bbox 1246 4111 1294 4165; x_wconf 89' lang='lat' dir='ltr'>nbi</span> <span class='ocrx_word' id='word_1_303' title='bbox 1312 4110 1400 4166; x_wconf 87' lang='lat' dir='ltr'>‘scies&#39;</span> <span class='ocrx_word' id='word_1_304' title='bbox 1427 4110 1456 4164; x_wconf 91' lang='lat' dir='ltr'>in</span> 
     </span>
     <span class='ocr_line' id='line_1_36' title="bbox 310 4198 1456 4268; baseline -0.003 -13"><span class='ocrx_word' id='word_1_305' title='bbox 310 4199 431 4256; x_wconf 87' lang='lat' dir='ltr'>secunda</span> <span class='ocrx_word' id='word_1_306' title='bbox 449 4200 507 4255; x_wconf 90' lang='lat' dir='ltr'>arsi</span> <span class='ocrx_word' id='word_1_307' title='bbox 525 4206 616 4268; x_wconf 89' lang='lat' dir='ltr'>extat,</span> <span class='ocrx_word' id='word_1_308' title='bbox 643 4205 740 4257; x_wconf 88' lang='lat' dir='ltr'>contra</span> <span class='ocrx_word' id='word_1_309' title='bbox 759 4199 852 4254; x_wconf 85' lang='lat' dir='ltr'>‘scibo’</span> <span class='ocrx_word' id='word_1_310' title='bbox 872 4198 995 4255; x_wconf 87' lang='lat' dir='ltr'>omnibns</span> <span class='ocrx_word' id='word_1_311' title='bbox 1014 4198 1096 4268; x_wconf 88' lang='lat' dir='ltr'>locis,</span> <span class='ocrx_word' id='word_1_312' title='bbox 1123 4199 1252 4254; x_wconf 89' lang='lat' dir='ltr'>Terentio</span> <span class='ocrx_word' id='word_1_313' title='bbox 1278 4200 1372 4254; x_wconf 86' lang='lat' dir='ltr'>‘scibo’</span> <span class='ocrx_word' id='word_1_314' title='bbox 1390 4199 1456 4255; x_wconf 91' lang='lat' dir='ltr'>nsi·</span> 
     </span>
     <span class='ocr_line' id='line_1_37' title="bbox 311 4288 1456 4359; baseline 0.001 -15"><span class='ocrx_word' id='word_1_315' title='bbox 311 4296 432 4346; x_wconf 85' lang='lat' dir='ltr'>tatem</span> <span class='ocrx_word' id='word_1_316' title='bbox 458 4290 575 4347; x_wconf 86' lang='lat' dir='ltr'>formam</span> <span class='ocrx_word' id='word_1_317' title='bbox 600 4289 687 4346; x_wconf 84' lang='lat' dir='ltr'>fuisse</span> <span class='ocrx_word' id='word_1_318' title='bbox 715 4288 893 4346; x_wconf 89' lang='lat' dir='ltr'>confirmatur</span> <span class='ocrx_word' id='word_1_319' title='bbox 916 4305 1005 4359; x_wconf 86' lang='lat' dir='ltr'>neque</span> <span class='ocrx_word' id='word_1_320' title='bbox 1031 4290 1161 4357; x_wconf 83' lang='lat' dir='ltr'>interest,</span> <span class='ocrx_word' id='word_1_321' title='bbox 1187 4297 1280 4345; x_wconf 91' lang='lat' dir='ltr'>utrum</span> <span class='ocrx_word' id='word_1_322' title='bbox 1305 4290 1392 4345; x_wconf 84' lang='lat' dir='ltr'>‘scies&#39;</span> <span class='ocrx_word' id='word_1_323' title='bbox 1420 4306 1456 4344; x_wconf 88' lang='lat' dir='ltr'>an</span> 
     </span>
     <span class='ocr_line' id='line_1_38' title="bbox 311 4370 1455 4449; baseline -0.002 -14"><span class='ocrx_word' id='word_1_324' title='bbox 311 4370 404 4436; x_wconf 85' lang='lat' dir='ltr'>‘scibo’</span> <span class='ocrx_word' id='word_1_325' title='bbox 423 4380 461 4437; x_wconf 89' lang='lat' dir='ltr'>sit</span> <span class='ocrx_word' id='word_1_326' title='bbox 479 4382 567 4436; x_wconf 83' lang='lat' dir='ltr'>torma</span> <span class='ocrx_word' id='word_1_327' title='bbox 585 4380 727 4436; x_wconf 86' lang='lat' dir='ltr'>vetustior.</span> <span class='ocrx_word' id='word_1_328' title='bbox 774 4382 859 4447; x_wconf 90' lang='lat' dir='ltr'>Item,</span> <span class='ocrx_word' id='word_1_329' title='bbox 889 4379 913 4432; x_wconf 89' lang='lat' dir='ltr'>si</span> <span class='ocrx_word' id='word_1_330' title='bbox 933 4378 1038 4434; x_wconf 86' lang='lat' dir='ltr'>formae</span> <span class='ocrx_word' id='word_1_331' title='bbox 1064 4379 1202 4449; x_wconf 82' lang='lat' dir='ltr'>longiores</span> <span class='ocrx_word' id='word_1_332' title='bbox 1229 4380 1257 4434; x_wconf 91' lang='lat' dir='ltr'>in</span> <span class='ocrx_word' id='word_1_333' title='bbox 1275 4380 1384 4435; x_wconf 84' lang='lat' dir='ltr'>⁴-avisti’</span> <span class='ocrx_word' id='word_1_334' title='bbox 1404 4384 1455 4435; x_wconf 87' lang='lat' dir='ltr'>etc.</span> 
     </span>
     <span class='ocr_line' id='line_1_39' title="bbox 312 4468 1456 4541; baseline -0.002 -16"><span class='ocrx_word' id='word_1_335' title='bbox 312 4470 387 4541; x_wconf 89' lang='lat' dir='ltr'>apud</span> <span class='ocrx_word' id='word_1_336' title='bbox 399 4471 557 4527; x_wconf 89' lang='lat' dir='ltr'>Terentium</span> <span class='ocrx_word' id='word_1_337' title='bbox 575 4486 710 4539; x_wconf 86' lang='lat' dir='ltr'>nusquam</span> <span class='ocrx_word' id='word_1_338' title='bbox 727 4470 780 4525; x_wconf 89' lang='lat' dir='ltr'>nisi</span> <span class='ocrx_word' id='word_1_339' title='bbox 798 4470 827 4523; x_wconf 91' lang='lat' dir='ltr'>in</span> <span class='ocrx_word' id='word_1_340' title='bbox 846 4468 899 4523; x_wconf 86' lang='lat' dir='ltr'>fine</span> <span class='ocrx_word' id='word_1_341' title='bbox 917 4475 989 4538; x_wconf 89' lang='lat' dir='ltr'>sunt,</span> <span class='ocrx_word' id='word_1_342' title='bbox 1008 4470 1058 4523; x_wconf 89' lang='lat' dir='ltr'>has</span> <span class='ocrx_word' id='word_1_343' title='bbox 1071 4468 1194 4523; x_wconf 90' lang='lat' dir='ltr'>Terentii</span> <span class='ocrx_word' id='word_1_344' title='bbox 1206 4473 1297 4523; x_wconf 89' lang='lat' dir='ltr'>aetate</span> <span class='ocrx_word' id='word_1_345' title='bbox 1316 4469 1456 4524; x_wconf 87' lang='lat' dir='ltr'>obsoletas</span> 
     </span>
     <span class='ocr_line' id='line_1_40' title="bbox 312 4554 1423 4633; baseline -0.003 -17"><span class='ocrx_word' id='word_1_346' title='bbox 312 4554 374 4621; x_wconf 84' lang='lat' dir='ltr'>esse</span> <span class='ocrx_word' id='word_1_347' title='bbox 391 4561 419 4618; x_wconf 91' lang='lat' dir='ltr'>in</span> <span class='ocrx_word' id='word_1_348' title='bbox 438 4577 490 4620; x_wconf 85' lang='lat' dir='ltr'>usu</span> <span class='ocrx_word' id='word_1_349' title='bbox 510 4561 660 4618; x_wconf 87' lang='lat' dir='ltr'>cottidiano</span> <span class='ocrx_word' id='word_1_350' title='bbox 679 4559 857 4633; x_wconf 89' lang='lat' dir='ltr'>perspicuum</span> <span class='ocrx_word' id='word_1_351' title='bbox 876 4565 918 4618; x_wconf 87' lang='lat' dir='ltr'>est</span> <span class='ocrx_word' id='word_1_352' title='bbox 936 4557 983 4630; x_wconf 83' lang='lat' dir='ltr'>(cf.</span> <span class='ocrx_word' id='word_1_353' title='bbox 1002 4559 1125 4618; x_wconf 87' lang='lat' dir='ltr'>Solmsen</span> <span class='ocrx_word' id='word_1_354' title='bbox 1144 4557 1215 4617; x_wconf 89' lang='lat' dir='ltr'>stud.</span> <span class='ocrx_word' id='word_1_355' title='bbox 1237 4563 1287 4616; x_wconf 91' lang='grc'>176</span> <span class='ocrx_word' id='word_1_356' title='bbox 1305 4557 1367 4616; x_wconf 89' lang='lat' dir='ltr'>adn.</span> <span class='ocrx_word' id='word_1_357' title='bbox 1386 4561 1423 4633; x_wconf 84' lang='grc'>2).</span> 
     </span>
    </p>
   </div>
   <div class='ocr_carea' id='block_1_7' title="bbox 0 0 1607 5217">
    <p class='ocr_par' dir='ltr' id='par_1_14' title="bbox 0 0 1607 5217">
     <span class='ocr_line' id='line_1_41' title="bbox 0 0 1607 5217; baseline 0 0"><span class='ocrx_word' id='word_1_358' title='bbox 0 0 1607 5217; x_wconf 95' lang='lat' dir='ltr'> </span> 
     </span>
    </p>
   </div>
  </div>
 </body>
</html>
