<?xml version="1.0" encoding="UTF-8"?>
<!DOCTYPE html PUBLIC "-//W3C//DTD XHTML 1.0 Transitional//EN"
    "http://www.w3.org/TR/xhtml1/DTD/xhtml1-transitional.dtd">
<html xmlns="http://www.w3.org/1999/xhtml" xml:lang="en" lang="en">
 <head>
  <title>
</title>
<meta http-equiv="Content-Type" content="text/html;charset=utf-8" />
  <meta name='ocr-system' content='tesseract 3.04.00' />
  <meta name='ocr-capabilities' content='ocr_page ocr_carea ocr_par ocr_line ocrx_word'/>
</head>
<body>
  <div class='ocr_page' id='page_1' title='image "./quaestionesplau00jacogoog_0021.png"; bbox 0 0 3200 5217; ppageno 0'>
   <div class='ocr_carea' id='block_1_1' title="bbox 692 477 730 541">
    <p class='ocr_par' dir='ltr' id='par_1_1' title="bbox 624 436 730 541">
     <span class='ocr_line' id='line_1_1' title="bbox 692 477 730 541; baseline 0 0"><span class='ocrx_word' id='word_1_1' title='bbox 692 477 730 541; x_wconf 83' lang='lat'><strong>15</strong></span> 
     </span>
    </p>
   </div>
   <div class='ocr_carea' id='block_1_2' title="bbox 117 654 1293 3307">
    <p class='ocr_par' dir='ltr' id='par_1_2' title="bbox 121 654 1293 1477">
     <span class='ocr_line' id='line_1_2' title="bbox 138 654 1287 736; baseline 0.005 -21"><span class='ocrx_word' id='word_1_2' title='bbox 138 654 215 732; x_wconf 77' lang='lat' dir='ltr'><strong>hine,</strong></span> <span class='ocrx_word' id='word_1_3' title='bbox 237 656 352 733; x_wconf 67' lang='lat' dir='ltr'><strong>afuat,</strong></span> <span class='ocrx_word' id='word_1_4' title='bbox 375 658 585 736; x_wconf 45' lang='lat' dir='ltr'><strong>oeeasia&#39;legit</strong></span> <span class='ocrx_word' id='word_1_5' title='bbox 613 658 1117 722; x_wconf 63' lang='lat' dir='ltr'><strong>Immfflm‘hhe</strong></span> <span class='ocrx_word' id='word_1_6' title='bbox 1134 681 1176 719; x_wconf 74' lang='lat' dir='ltr'>n</span> <span class='ocrx_word' id='word_1_7' title='bbox 1194 660 1287 721; x_wconf 72' lang='lat' dir='ltr'><strong>iana</strong></span> 
     </span>
     <span class='ocr_line' id='line_1_3' title="bbox 121 748 1293 844; baseline 0.004 -24"><span class='ocrx_word' id='word_1_8' title='bbox 121 762 220 827; x_wconf 66' lang='lat' dir='ltr'><strong>‚dicta</strong></span> <span class='ocrx_word' id='word_1_9' title='bbox 242 748 307 823; x_wconf 81' lang='lat' dir='ltr'><strong>sint¹</strong></span> <span class='ocrx_word' id='word_1_10' title='bbox 322 764 483 825; x_wconf 83' lang='lat' dir='ltr'><strong>mendacia&#39;</strong></span> <span class='ocrx_word' id='word_1_11' title='bbox 495 762 534 843; x_wconf 87' lang='lat'><strong>¹),</strong></span> <span class='ocrx_word' id='word_1_12' title='bbox 567 765 625 824; x_wconf 90' lang='lat' dir='ltr'><strong>alio</strong></span> <span class='ocrx_word' id='word_1_13' title='bbox 648 764 734 825; x_wconf 90' lang='lat' dir='ltr'><strong>modo</strong></span> <span class='ocrx_word' id='word_1_14' title='bbox 756 764 881 823; x_wconf 84' lang='lat' dir='ltr'><strong>iudicari</strong></span> <span class='ocrx_word' id='word_1_15' title='bbox 904 772 1015 844; x_wconf 79' lang='lat' dir='ltr'><strong>potest,</strong></span> <span class='ocrx_word' id='word_1_16' title='bbox 1043 785 1115 844; x_wconf 65' lang='lat' dir='ltr'><strong>qm</strong></span> <span class='ocrx_word' id='word_1_17' title='bbox 1134 764 1293 825; x_wconf 60' lang='lat' dir='ltr'><strong>‘tenid</strong></span> 
     </span>
     <span class='ocr_line' id='line_1_4' title="bbox 141 869 1289 951; baseline 0.003 -24"><span class='ocrx_word' id='word_1_18' title='bbox 141 869 188 927; x_wconf 88' lang='lat' dir='ltr'><strong>an&#39;</strong></span> <span class='ocrx_word' id='word_1_19' title='bbox 211 870 319 929; x_wconf 88' lang='lat' dir='ltr'><strong>locutio</strong></span> <span class='ocrx_word' id='word_1_20' title='bbox 341 870 419 929; x_wconf 85' lang='lat' dir='ltr'><strong>facta</strong></span> <span class='ocrx_word' id='word_1_21' title='bbox 441 879 500 945; x_wconf 89' lang='lat' dir='ltr'><strong>est,</strong></span> <span class='ocrx_word' id='word_1_22' title='bbox 533 874 565 929; x_wconf 89' lang='lat' dir='ltr'><strong>in</strong></span> <span class='ocrx_word' id='word_1_23' title='bbox 601 892 657 951; x_wconf 90' lang='lat' dir='ltr'><strong>qua</strong></span> <span class='ocrx_word' id='word_1_24' title='bbox 691 869 771 951; x_wconf 87' lang='lat' dir='ltr'><strong>apud</strong></span> <span class='ocrx_word' id='word_1_25' title='bbox 806 874 962 950; x_wconf 84' lang='lat' dir='ltr'><strong>scriptores</strong></span> <span class='ocrx_word' id='word_1_26' title='bbox 993 872 1162 950; x_wconf 88' lang='lat' dir='ltr'><strong>posterioris</strong></span> <span class='ocrx_word' id='word_1_27' title='bbox 1183 873 1289 930; x_wconf 86' lang='lat' dir='ltr'><strong>aetatis</strong></span> 
     </span>
     <span class='ocr_line' id='line_1_5' title="bbox 140 975 1288 1056; baseline 0.001 -23"><span class='ocrx_word' id='word_1_28' title='bbox 140 977 344 1035; x_wconf 80' lang='lat' dir='ltr'><strong>coniunctivae</strong></span> <span class='ocrx_word' id='word_1_29' title='bbox 386 979 522 1056; x_wconf 87' lang='lat' dir='ltr'><strong>antiquus</strong></span> <span class='ocrx_word' id='word_1_30' title='bbox 563 976 659 1035; x_wconf 79' lang='lat' dir='ltr'><strong>‘fuam&#39;</strong></span> <span class='ocrx_word' id='word_1_31' title='bbox 694 976 791 1036; x_wconf 91' lang='lat' dir='ltr'><strong>adhuc</strong></span> <span class='ocrx_word' id='word_1_32' title='bbox 823 975 1039 1055; x_wconf 78' lang='lat' dir='ltr'><strong>servabatur²).</strong></span> <span class='ocrx_word' id='word_1_33' title='bbox 1084 976 1140 1036; x_wconf 83' lang='lat' dir='ltr'><strong>Sed</strong></span> <span class='ocrx_word' id='word_1_34' title='bbox 1175 984 1288 1036; x_wconf 76' lang='lat' dir='ltr'><strong>restant</strong></span> 
     </span>
     <span class='ocr_line' id='line_1_6' title="bbox 141 1079 1288 1161; baseline 0.003 -24"><span class='ocrx_word' id='word_1_35' title='bbox 141 1079 222 1139; x_wconf 87' lang='lat' dir='ltr'><strong>Pers.</strong></span> <span class='ocrx_word' id='word_1_36' title='bbox 247 1083 285 1141; x_wconf 75' lang='lat'><strong>51</strong></span> <span class='ocrx_word' id='word_1_37' title='bbox 311 1080 371 1141; x_wconf 84' lang='lat' dir='ltr'><strong>‘sed</strong></span> <span class='ocrx_word' id='word_1_38' title='bbox 394 1084 490 1161; x_wconf 83' lang='lat' dir='ltr'><strong>recipe</strong></span> <span class='ocrx_word' id='word_1_39' title='bbox 514 1084 748 1161; x_wconf 88' lang='lat' dir='ltr'><strong>quamprimum</strong></span> <span class='ocrx_word' id='word_1_40' title='bbox 770 1090 870 1161; x_wconf 85' lang='lat' dir='ltr'><strong>potes,</strong></span> <span class='ocrx_word' id='word_1_41' title='bbox 904 1100 976 1140; x_wconf 85' lang='lat' dir='ltr'><strong>cave</strong></span> <span class='ocrx_word' id='word_1_42' title='bbox 997 1080 1063 1139; x_wconf 89' lang='lat' dir='ltr'><strong>fuas</strong></span> <span class='ocrx_word' id='word_1_43' title='bbox 1084 1083 1126 1139; x_wconf 90' lang='lat' dir='ltr'><strong>mi</strong></span> <span class='ocrx_word' id='word_1_44' title='bbox 1147 1084 1178 1139; x_wconf 93' lang='lat' dir='ltr'><strong>in</strong></span> <span class='ocrx_word' id='word_1_45' title='bbox 1200 1100 1288 1161; x_wconf 89' lang='lat' dir='ltr'><strong>quae-</strong></span> 
     </span>
     <span class='ocr_line' id='line_1_7' title="bbox 140 1168 1287 1266; baseline 0.002 -23"><span class='ocrx_word' id='word_1_46' title='bbox 140 1186 253 1261; x_wconf 83' lang='lat' dir='ltr'><strong>stione&#39;,</strong></span> <span class='ocrx_word' id='word_1_47' title='bbox 288 1207 345 1266; x_wconf 90' lang='lat' dir='ltr'><strong>quo</strong></span> <span class='ocrx_word' id='word_1_48' title='bbox 367 1207 426 1246; x_wconf 91' lang='lat' dir='ltr'><strong>uno</strong></span> <span class='ocrx_word' id='word_1_49' title='bbox 450 1186 516 1246; x_wconf 90' lang='lat' dir='ltr'><strong>loco</strong></span> <span class='ocrx_word' id='word_1_50' title='bbox 538 1189 571 1245; x_wconf 90' lang='lat' dir='ltr'><strong>in</strong></span> <span class='ocrx_word' id='word_1_51' title='bbox 592 1186 739 1247; x_wconf 88' lang='lat' dir='ltr'><strong>locutione</strong></span> <span class='ocrx_word' id='word_1_52' title='bbox 763 1186 841 1266; x_wconf 81' lang='lat' dir='ltr'><strong>apud</strong></span> <span class='ocrx_word' id='word_1_53' title='bbox 863 1186 1002 1246; x_wconf 88' lang='lat' dir='ltr'><strong>Plautum</strong></span> <span class='ocrx_word' id='word_1_54' title='bbox 1025 1168 1207 1265; x_wconf 39' lang='lat' dir='ltr'><strong>usitata&#39;pro</strong></span> <span class='ocrx_word' id='word_1_55' title='bbox 1230 1185 1287 1245; x_wconf 84' lang='lat' dir='ltr'><strong>‘sis’</strong></span> 
     </span>
     <span class='ocr_line' id='line_1_8' title="bbox 141 1289 1288 1373; baseline 0.002 -24"><span class='ocrx_word' id='word_1_56' title='bbox 141 1289 222 1349; x_wconf 77' lang='lat' dir='ltr'><strong>‘fluas&#39;</strong></span> <span class='ocrx_word' id='word_1_57' title='bbox 254 1301 393 1372; x_wconf 83' lang='lat' dir='ltr'><strong>apparet,</strong></span> <span class='ocrx_word' id='word_1_58' title='bbox 425 1295 506 1353; x_wconf 90' lang='lat' dir='ltr'><strong>etin</strong></span> <span class='ocrx_word' id='word_1_59' title='bbox 529 1296 694 1373; x_wconf 79' lang='lat' dir='ltr'>anapaestis</span> <span class='ocrx_word' id='word_1_60' title='bbox 717 1292 799 1352; x_wconf 78' lang='lat' dir='ltr'><strong>Trin.</strong></span> <span class='ocrx_word' id='word_1_61' title='bbox 825 1295 887 1352; x_wconf 89' lang='grc'><strong>268</strong></span> <span class='ocrx_word' id='word_1_62' title='bbox 911 1296 1002 1351; x_wconf 80' lang='lat' dir='ltr'><strong>‘amor</strong></span> <span class='ocrx_word' id='word_1_63' title='bbox 1024 1291 1097 1351; x_wconf 89' lang='lat' dir='ltr'><strong>mihi</strong></span> <span class='ocrx_word' id='word_1_64' title='bbox 1119 1293 1229 1350; x_wconf 87' lang='lat' dir='ltr'><strong>amicus</strong></span> <span class='ocrx_word' id='word_1_65' title='bbox 1251 1310 1288 1351; x_wconf 91' lang='lat' dir='ltr'><strong>ne</strong></span> 
     </span>
     <span class='ocr_line' id='line_1_9' title="bbox 138 1393 381 1477; baseline 0.016 -24"><span class='ocrx_word' id='word_1_66' title='bbox 138 1393 205 1455; x_wconf 84' lang='lat' dir='ltr'><strong>fdas</strong></span> <span class='ocrx_word' id='word_1_67' title='bbox 227 1397 381 1477; x_wconf 84' lang='lat' dir='ltr'><strong>umquam’.</strong></span> 
     </span>
    </p>

    <p class='ocr_par' dir='ltr' id='par_1_3' title="bbox 117 1518 1289 3075">
     <span class='ocr_line' id='line_1_10' title="bbox 137 1518 1287 1601; baseline -0.001 -22"><span class='ocrx_word' id='word_1_68' title='bbox 137 1550 139 1554; x_wconf 94' lang='lat'>·</span> <span class='ocrx_word' id='word_1_69' title='bbox 227 1521 370 1579; x_wconf 79' lang='lat' dir='ltr'>Praesens</span> <span class='ocrx_word' id='word_1_70' title='bbox 402 1520 489 1595; x_wconf 79' lang='lat' dir='ltr'><strong>‘tolo&#39;,</strong></span> <span class='ocrx_word' id='word_1_71' title='bbox 519 1519 596 1601; x_wconf 88' lang='lat' dir='ltr'><strong>quod</strong></span> <span class='ocrx_word' id='word_1_72' title='bbox 619 1520 657 1581; x_wconf 90' lang='lat' dir='ltr'><strong>de</strong></span> <span class='ocrx_word' id='word_1_73' title='bbox 679 1520 777 1580; x_wconf 87' lang='lat' dir='ltr'><strong>radice</strong></span> <span class='ocrx_word' id='word_1_74' title='bbox 799 1520 906 1580; x_wconf 87' lang='lat' dir='ltr'><strong>suffixo</strong></span> <span class='ocrx_word' id='word_1_75' title='bbox 927 1540 987 1580; x_wconf 92' lang='lat' dir='ltr'><strong>non</strong></span> <span class='ocrx_word' id='word_1_76' title='bbox 1009 1528 1096 1579; x_wconf 89' lang='lat' dir='ltr'><strong>aucta</strong></span> <span class='ocrx_word' id='word_1_77' title='bbox 1122 1518 1287 1580; x_wconf 84' lang='lat' dir='ltr'><strong>derivatum</strong></span> 
     </span>
     <span class='ocr_line' id='line_1_11' title="bbox 139 1625 1287 1705; baseline -0.001 -20"><span class='ocrx_word' id='word_1_78' title='bbox 139 1635 192 1700; x_wconf 83' lang='lat' dir='ltr'><strong>est,</strong></span> <span class='ocrx_word' id='word_1_79' title='bbox 218 1661 262 1670; x_wconf 96' lang='lat'>—</span> <span class='ocrx_word' id='word_1_80' title='bbox 287 1625 377 1685; x_wconf 85' lang='lat' dir='ltr'><strong>‘tollo’</strong></span> <span class='ocrx_word' id='word_1_81' title='bbox 412 1646 449 1686; x_wconf 86' lang='lat' dir='ltr'><strong>ex</strong></span> <span class='ocrx_word' id='word_1_82' title='bbox 476 1627 587 1687; x_wconf 83' lang='lat' dir='ltr'><strong>‘tol-no&#39;</strong></span> <span class='ocrx_word' id='word_1_83' title='bbox 609 1634 710 1686; x_wconf 89' lang='lat' dir='ltr'><strong>natum</strong></span> <span class='ocrx_word' id='word_1_84' title='bbox 733 1626 780 1705; x_wconf 88' lang='lat' dir='ltr'><strong>(cf.</strong></span> <span class='ocrx_word' id='word_1_85' title='bbox 804 1626 935 1687; x_wconf 83' lang='lat' dir='ltr'><strong>Sommer</strong></span> <span class='ocrx_word' id='word_1_86' title='bbox 955 1627 1006 1685; x_wconf 80' lang='lat' dir='ltr'><strong>lat</strong></span> <span class='ocrx_word' id='word_1_87' title='bbox 1023 1646 1070 1704; x_wconf 68' lang='lat' dir='ltr'><strong>¹gr.</strong></span> <span class='ocrx_word' id='word_1_88' title='bbox 1096 1625 1169 1703; x_wconf 79' lang='grc'><strong>547)</strong></span> <span class='ocrx_word' id='word_1_89' title='bbox 1192 1661 1233 1673; x_wconf 91' lang='grc'><strong>-</strong></span> <span class='ocrx_word' id='word_1_90' title='bbox 1256 1628 1287 1685; x_wconf 92' lang='lat' dir='ltr'><strong>in</strong></span> 
     </span>
     <span class='ocr_line' id='line_1_12' title="bbox 139 1729 1288 1811; baseline -0.002 -20"><span class='ocrx_word' id='word_1_91' title='bbox 139 1733 311 1811; x_wconf 88' lang='lat' dir='ltr'><strong>compositis</strong></span> <span class='ocrx_word' id='word_1_92' title='bbox 334 1739 445 1791; x_wconf 87' lang='lat' dir='ltr'><strong>exstat:</strong></span> <span class='ocrx_word' id='word_1_93' title='bbox 475 1734 506 1790; x_wconf 93' lang='lat' dir='ltr'><strong>in</strong></span> <span class='ocrx_word' id='word_1_94' title='bbox 534 1733 592 1791; x_wconf 88' lang='lat' dir='ltr'><strong>fine</strong></span> <span class='ocrx_word' id='word_1_95' title='bbox 613 1752 716 1791; x_wconf 88' lang='lat' dir='ltr'><strong>versus</strong></span> <span class='ocrx_word' id='word_1_96' title='bbox 737 1733 808 1791; x_wconf 88' lang='lat' dir='ltr'><strong>Pac.</strong></span> <span class='ocrx_word' id='word_1_97' title='bbox 833 1734 883 1805; x_wconf 91' lang='grc'><strong>42,</strong></span> <span class='ocrx_word' id='word_1_98' title='bbox 916 1732 1030 1791; x_wconf 88' lang='lat' dir='ltr'><strong>Novius</strong></span> <span class='ocrx_word' id='word_1_99' title='bbox 1053 1734 1092 1791; x_wconf 76' lang='grc'><strong>87</strong></span> <span class='ocrx_word' id='word_1_100' title='bbox 1115 1729 1288 1811; x_wconf 87' lang='lat' dir='ltr'><strong>(secundum</strong></span> 
     </span>
     <span class='ocr_line' id='line_1_13' title="bbox 117 1835 1286 1914; baseline 0.002 -19"><span class='ocrx_word' id='word_1_101' title='bbox 117 1835 314 1896; x_wconf 51' lang='lat' dir='ltr'><strong>*Diomedem</strong></span> <span class='ocrx_word' id='word_1_102' title='bbox 338 1837 506 1914; x_wconf 77' lang='lat' dir='ltr'><strong>‘Naevius’).</strong></span> <span class='ocrx_word' id='word_1_103' title='bbox 559 1836 719 1896; x_wconf 79' lang='lat' dir='ltr'><strong>Diomedes</strong></span> <span class='ocrx_word' id='word_1_104' title='bbox 743 1838 805 1896; x_wconf 86' lang='grc'><strong>380</strong></span> <span class='ocrx_word' id='word_1_105' title='bbox 835 1856 873 1896; x_wconf 83' lang='lat' dir='ltr'><strong>ex</strong></span> <span class='ocrx_word' id='word_1_106' title='bbox 895 1837 996 1895; x_wconf 90' lang='lat' dir='ltr'><strong>Plauti</strong></span> <span class='ocrx_word' id='word_1_107' title='bbox 1017 1836 1152 1897; x_wconf 87' lang='lat' dir='ltr'><strong>Rudente</strong></span> <span class='ocrx_word' id='word_1_108' title='bbox 1183 1836 1286 1897; x_wconf 81' lang='lat' dir='ltr'><strong>‘aullas</strong></span> 
     </span>
     <span class='ocr_line' id='line_1_14' title="bbox 139 1942 1287 2022; baseline 0 -21"><span class='ocrx_word' id='word_1_109' title='bbox 139 1942 281 2001; x_wconf 83' lang='lat' dir='ltr'><strong>abstulas&#39;</strong></span> <span class='ocrx_word' id='word_1_110' title='bbox 315 1942 380 2001; x_wconf 92' lang='lat' dir='ltr'><strong>loco</strong></span> <span class='ocrx_word' id='word_1_111' title='bbox 412 1951 546 2022; x_wconf 88' lang='lat' dir='ltr'><strong>corrupto</strong></span> <span class='ocrx_word' id='word_1_112' title='bbox 569 1950 709 2018; x_wconf 81' lang='lat' dir='ltr'><strong>testatur3</strong></span> <span class='ocrx_word' id='word_1_113' title='bbox 743 1943 813 2003; x_wconf 87' lang='lat' dir='ltr'><strong>Pac.</strong></span> <span class='ocrx_word' id='word_1_114' title='bbox 839 1946 901 2002; x_wconf 87' lang='grc'><strong>228</strong></span> <span class='ocrx_word' id='word_1_115' title='bbox 936 1942 1086 2002; x_wconf 87' lang='lat' dir='ltr'><strong>‘custodite</strong></span> <span class='ocrx_word' id='word_1_116' title='bbox 1107 1943 1202 2001; x_wconf 80' lang='lat' dir='ltr'><strong>istrinc</strong></span> <span class='ocrx_word' id='word_1_117' title='bbox 1224 1962 1287 2019; x_wconf 82' lang='lat' dir='ltr'><strong>vos,</strong></span> 
     </span>
     <span class='ocr_line' id='line_1_15' title="bbox 139 2030 1287 2128; baseline 0 -21"><span class='ocrx_word' id='word_1_118' title='bbox 139 2067 177 2107; x_wconf 88' lang='lat' dir='ltr'><strong>ne</strong></span> <span class='ocrx_word' id='word_1_119' title='bbox 193 2051 253 2107; x_wconf 87' lang='lat' dir='ltr'><strong>vim</strong></span> <span class='ocrx_word' id='word_1_120' title='bbox 270 2050 319 2127; x_wconf 87' lang='lat' dir='ltr'><strong>qui</strong></span> <span class='ocrx_word' id='word_1_121' title='bbox 335 2047 440 2108; x_wconf 89' lang='lat' dir='ltr'><strong>attolat</strong></span> <span class='ocrx_word' id='word_1_122' title='bbox 461 2068 536 2108; x_wconf 87' lang='lat' dir='ltr'><strong>neve</strong></span> <span class='ocrx_word' id='word_1_123' title='bbox 559 2048 673 2126; x_wconf 81' lang='lat' dir='ltr'><strong>attigat&#39;</strong></span> <span class='ocrx_word' id='word_1_124' title='bbox 698 2056 766 2111; x_wconf 87' lang='lat' dir='ltr'><strong>ante</strong></span> <span class='ocrx_word' id='word_1_125' title='bbox 787 2047 922 2108; x_wconf 83' lang='lat' dir='ltr'><strong>ultimam</strong></span> <span class='ocrx_word' id='word_1_126' title='bbox 948 2030 1106 2128; x_wconf 89' lang='lat' dir='ltr'><strong>dipodiam.</strong></span> <span class='ocrx_word' id='word_1_127' title='bbox 1150 2046 1287 2125; x_wconf 83' lang='lat' dir='ltr'><strong>(‘attulat&#39;</strong></span> 
     </span>
     <span class='ocr_line' id='line_1_16' title="bbox 139 2152 1288 2237; baseline 0.001 -26"><span class='ocrx_word' id='word_1_128' title='bbox 139 2152 301 2214; x_wconf 82' lang='lat' dir='ltr'><strong>Diomedes</strong></span> <span class='ocrx_word' id='word_1_129' title='bbox 324 2156 395 2229; x_wconf 79' lang='grc'><strong>882,</strong></span> <span class='ocrx_word' id='word_1_130' title='bbox 426 2154 557 2214; x_wconf 80' lang='lat' dir='ltr'><strong>‘attollat’</strong></span> <span class='ocrx_word' id='word_1_131' title='bbox 580 2155 695 2214; x_wconf 90' lang='lat' dir='ltr'><strong>Nonius</strong></span> <span class='ocrx_word' id='word_1_132' title='bbox 719 2152 804 2237; x_wconf 82' lang='lat'>246).</span> <span class='ocrx_word' id='word_1_133' title='bbox 848 2154 914 2215; x_wconf 83' lang='lat' dir='ltr'><strong>Cas.</strong></span> <span class='ocrx_word' id='word_1_134' title='bbox 937 2156 998 2213; x_wconf 87' lang='grc'><strong>447</strong></span> <span class='ocrx_word' id='word_1_135' title='bbox 1032 2153 1222 2214; x_wconf 87' lang='lat' dir='ltr'><strong>‘stimulorum</strong></span> <span class='ocrx_word' id='word_1_136' title='bbox 1243 2152 1288 2212; x_wconf 90' lang='lat' dir='ltr'><strong>lo·</strong></span> 
     </span>
     <span class='ocr_line' id='line_1_17' title="bbox 126 2258 1287 2343; baseline 0.001 -25"><span class='ocrx_word' id='word_1_137' title='bbox 126 2260 208 2333; x_wconf 83' lang='lat' dir='ltr'><strong>culi,</strong></span> <span class='ocrx_word' id='word_1_138' title='bbox 231 2259 356 2340; x_wconf 90' lang='lat' dir='ltr'><strong>protollo</strong></span> <span class='ocrx_word' id='word_1_139' title='bbox 379 2269 500 2320; x_wconf 88' lang='lat' dir='ltr'><strong>mortem</strong></span> <span class='ocrx_word' id='word_1_140' title='bbox 523 2260 604 2318; x_wconf 80' lang='lat' dir='ltr'><strong>milri‘</strong></span> <span class='ocrx_word' id='word_1_141' title='bbox 627 2258 774 2339; x_wconf 89' lang='lat' dir='ltr'><strong>spondeus</strong></span> <span class='ocrx_word' id='word_1_142' title='bbox 797 2262 827 2318; x_wconf 89' lang='lat' dir='ltr'><strong>in</strong></span> <span class='ocrx_word' id='word_1_143' title='bbox 850 2268 953 2339; x_wconf 86' lang='lat' dir='ltr'><strong>quarto</strong></span> <span class='ocrx_word' id='word_1_144' title='bbox 968 2258 1043 2339; x_wconf 89' lang='lat' dir='ltr'><strong>pede</strong></span> <span class='ocrx_word' id='word_1_145' title='bbox 1060 2262 1103 2318; x_wconf 90' lang='lat' dir='ltr'><strong>ita</strong></span> <span class='ocrx_word' id='word_1_146' title='bbox 1118 2259 1287 2343; x_wconf 85' lang='lat' dir='ltr'><strong>collocatus,</strong></span> 
     </span>
     <span class='ocr_line' id='line_1_18' title="bbox 130 2346 1287 2445; baseline 0.004 -20"><span class='ocrx_word' id='word_1_147' title='bbox 130 2374 174 2425; x_wconf 72' lang='lat' dir='ltr'><strong>”ut</strong></span> <span class='ocrx_word' id='word_1_148' title='bbox 196 2368 273 2425; x_wconf 89' lang='lat' dir='ltr'><strong>notis</strong></span> <span class='ocrx_word' id='word_1_149' title='bbox 296 2346 517 2425; x_wconf 80' lang='lat' dir='ltr'><strong>condicionibus</strong></span> <span class='ocrx_word' id='word_1_150' title='bbox 539 2386 598 2424; x_wconf 90' lang='lat' dir='ltr'><strong>non</strong></span> <span class='ocrx_word' id='word_1_151' title='bbox 621 2374 789 2439; x_wconf 82' lang='lat' dir='ltr'><strong>excusetur,</strong></span> <span class='ocrx_word' id='word_1_152' title='bbox 822 2364 918 2425; x_wconf 88' lang='lat' dir='ltr'><strong>forma</strong></span> <span class='ocrx_word' id='word_1_153' title='bbox 951 2364 1084 2445; x_wconf 84' lang='lat' dir='ltr'><strong>‘protolo’</strong></span> <span class='ocrx_word' id='word_1_154' title='bbox 1118 2368 1287 2430; x_wconf 80' lang='lat' dir='ltr'><strong>evitaretur.</strong></span> 
     </span>
     <span class='ocr_line' id='line_1_19' title="bbox 141 2469 1287 2547; baseline 0.002 -19"><span class='ocrx_word' id='word_1_155' title='bbox 141 2470 236 2531; x_wconf 91' lang='lat' dir='ltr'><strong>Plane</strong></span> <span class='ocrx_word' id='word_1_156' title='bbox 259 2480 356 2530; x_wconf 90' lang='lat' dir='ltr'><strong>autem</strong></span> <span class='ocrx_word' id='word_1_157' title='bbox 378 2470 499 2531; x_wconf 88' lang='lat' dir='ltr'><strong>dubium</strong></span> <span class='ocrx_word' id='word_1_158' title='bbox 521 2479 582 2547; x_wconf 81' lang='lat' dir='ltr'><strong>est,</strong></span> <span class='ocrx_word' id='word_1_159' title='bbox 610 2492 681 2530; x_wconf 91' lang='lat' dir='ltr'><strong>num</strong></span> <span class='ocrx_word' id='word_1_160' title='bbox 703 2479 781 2531; x_wconf 88' lang='lat' dir='ltr'><strong>recte</strong></span> <span class='ocrx_word' id='word_1_161' title='bbox 803 2470 1006 2531; x_wconf 88' lang='lat' dir='ltr'><strong>Londonensis</strong></span> <span class='ocrx_word' id='word_1_162' title='bbox 1028 2469 1093 2530; x_wconf 81' lang='lat' dir='ltr'><strong>Cas.</strong></span> <span class='ocrx_word' id='word_1_163' title='bbox 1119 2472 1179 2530; x_wconf 82' lang='lat'><strong>357</strong></span> <span class='ocrx_word' id='word_1_164' title='bbox 1205 2475 1287 2530; x_wconf 83' lang='lat' dir='ltr'><strong>‘atto-</strong></span> 
     </span>
     <span class='ocr_line' id='line_1_20' title="bbox 139 2574 1288 2658; baseline -0.001 -24"><span class='ocrx_word' id='word_1_165' title='bbox 139 2576 243 2635; x_wconf 84' lang='lat' dir='ltr'><strong>lamus&#39;</strong></span> <span class='ocrx_word' id='word_1_166' title='bbox 266 2596 319 2655; x_wconf 90' lang='lat' dir='ltr'><strong>pro</strong></span> <span class='ocrx_word' id='word_1_167' title='bbox 338 2575 523 2635; x_wconf 85' lang='lat' dir='ltr'><strong>‘attollamus&#39;</strong></span> <span class='ocrx_word' id='word_1_168' title='bbox 539 2574 645 2651; x_wconf 70' lang='lat' dir='ltr'><strong>medat,</strong></span> <span class='ocrx_word' id='word_1_169' title='bbox 668 2578 796 2658; x_wconf 91' lang='lat' dir='ltr'><strong>itemque</strong></span> <span class='ocrx_word' id='word_1_170' title='bbox 818 2596 889 2636; x_wconf 89' lang='lat' dir='ltr'><strong>num</strong></span> <span class='ocrx_word' id='word_1_171' title='bbox 911 2574 1071 2635; x_wconf 84' lang='lat' dir='ltr'><strong>Diomedes</strong></span> <span class='ocrx_word' id='word_1_172' title='bbox 1089 2577 1160 2651; x_wconf 85' lang='grc'><strong>880,</strong></span> <span class='ocrx_word' id='word_1_173' title='bbox 1185 2577 1224 2635; x_wconf 90' lang='grc'><strong>19</strong></span> <span class='ocrx_word' id='word_1_174' title='bbox 1249 2574 1288 2633; x_wconf 87' lang='lat' dir='ltr'><strong>ad</strong></span> 
     </span>
     <span class='ocr_line' id='line_1_21' title="bbox 140 2663 1288 2760; baseline -0.001 -20"><span class='ocrx_word' id='word_1_175' title='bbox 140 2680 219 2740; x_wconf 91' lang='lat' dir='ltr'><strong>hunc</strong></span> <span class='ocrx_word' id='word_1_176' title='bbox 242 2681 338 2740; x_wconf 90' lang='lat' dir='ltr'><strong>locum</strong></span> <span class='ocrx_word' id='word_1_177' title='bbox 360 2684 512 2760; x_wconf 87' lang='lat' dir='ltr'><strong>pertineat.</strong></span> <span class='ocrx_word' id='word_1_178' title='bbox 567 2682 706 2741; x_wconf 82' lang='lat' dir='ltr'><strong>Fortasse</strong></span> <span class='ocrx_word' id='word_1_179' title='bbox 729 2680 888 2741; x_wconf 89' lang='lat' dir='ltr'><strong>secundum</strong></span> <span class='ocrx_word' id='word_1_180' title='bbox 910 2680 982 2740; x_wconf 89' lang='lat' dir='ltr'><strong>haec</strong></span> <span class='ocrx_word' id='word_1_181' title='bbox 1004 2683 1164 2760; x_wconf 88' lang='lat' dir='ltr'><strong>composita</strong></span> <span class='ocrx_word' id='word_1_182' title='bbox 1185 2663 1288 2740; x_wconf 88' lang='lat' dir='ltr'><strong>auctor</strong></span> 
     </span>
     <span class='ocr_line' id='line_1_22' title="bbox 140 2786 1289 2867; baseline 0 -22"><span class='ocrx_word' id='word_1_183' title='bbox 140 2790 304 2865; x_wconf 82' lang='lat' dir='ltr'><strong>argumenti</strong></span> <span class='ocrx_word' id='word_1_184' title='bbox 329 2786 513 2847; x_wconf 83' lang='lat' dir='ltr'><strong>Cistellariae</strong></span> <span class='ocrx_word' id='word_1_185' title='bbox 534 2806 672 2867; x_wconf 88' lang='lat' dir='ltr'><strong>praesens</strong></span> <span class='ocrx_word' id='word_1_186' title='bbox 694 2787 771 2846; x_wconf 84' lang='lat' dir='ltr'><strong>‘tolo&#39;</strong></span> <span class='ocrx_word' id='word_1_187' title='bbox 795 2788 852 2847; x_wconf 88' lang='lat' dir='ltr'><strong>sibi</strong></span> <span class='ocrx_word' id='word_1_188' title='bbox 873 2787 1012 2846; x_wconf 86' lang='lat' dir='ltr'><strong>formavit</strong></span> <span class='ocrx_word' id='word_1_189' title='bbox 1033 2806 1121 2847; x_wconf 88' lang='lat' dir='ltr'><strong>versu</strong></span> <span class='ocrx_word' id='word_1_190' title='bbox 1143 2789 1179 2847; x_wconf 81' lang='lat'><strong>4:</strong></span> <span class='ocrx_word' id='word_1_191' title='bbox 1210 2786 1289 2846; x_wconf 83' lang='lat' dir='ltr'><strong>‘tolit</strong></span> 
     </span>
     <span class='ocr_line' id='line_1_23' title="bbox 133 2890 1288 2973; baseline -0.002 -22"><span class='ocrx_word' id='word_1_192' title='bbox 133 2901 229 2972; x_wconf 85' lang='lat' dir='ltr'><strong>¹atque</strong></span> <span class='ocrx_word' id='word_1_193' title='bbox 252 2896 374 2972; x_wconf 87' lang='lat' dir='ltr'><strong>exponit</strong></span> <span class='ocrx_word' id='word_1_194' title='bbox 396 2902 425 2952; x_wconf 90' lang='lat' dir='ltr'><strong>et</strong></span> <span class='ocrx_word' id='word_1_195' title='bbox 447 2911 485 2952; x_wconf 85' lang='lat' dir='ltr'><strong>ex</strong></span> <span class='ocrx_word' id='word_1_196' title='bbox 506 2892 622 2952; x_wconf 88' lang='lat' dir='ltr'><strong>insidiis</strong></span> <span class='ocrx_word' id='word_1_197' title='bbox 645 2892 789 2972; x_wconf 85' lang='lat' dir='ltr'><strong>aucupat’.</strong></span> <span class='ocrx_word' id='word_1_198' title='bbox 835 2892 891 2973; x_wconf 90' lang='lat' dir='ltr'><strong>(ita</strong></span> <span class='ocrx_word' id='word_1_199' title='bbox 913 2891 1044 2968; x_wconf 85' lang='lat' dir='ltr'><strong>Schoell;</strong></span> <span class='ocrx_word' id='word_1_200' title='bbox 1072 2890 1213 2968; x_wconf 86' lang='lat' dir='ltr'><strong>traditum</strong></span> <span class='ocrx_word' id='word_1_201' title='bbox 1243 2899 1288 2951; x_wconf 86' lang='lat' dir='ltr'><strong>est</strong></span> 
     </span>
     <span class='ocr_line' id='line_1_24' title="bbox 138 2997 255 3075; baseline 0.009 -19"><span class='ocrx_word' id='word_1_202' title='bbox 138 2997 255 3075; x_wconf 84' lang='lat' dir='ltr'><strong>‘tollit&#39;).</strong></span> 
     </span>
    </p>

    <p class='ocr_par' dir='ltr' id='par_1_4' title="bbox 135 3114 1289 3307">
     <span class='ocr_line' id='line_1_25' title="bbox 135 3114 1289 3201; baseline -0.003 -20"><span class='ocrx_word' id='word_1_203' title='bbox 135 3114 139 3118; x_wconf 15' lang='grc' dir='ltr'><strong><em>Δ</em></strong></span> <span class='ocrx_word' id='word_1_204' title='bbox 229 3120 308 3181; x_wconf 83' lang='lat' dir='ltr'><strong>Satis</strong></span> <span class='ocrx_word' id='word_1_205' title='bbox 331 3120 529 3201; x_wconf 85' lang='lat' dir='ltr'><strong>exemplorum</strong></span> <span class='ocrx_word' id='word_1_206' title='bbox 558 3120 658 3179; x_wconf 90' lang='lat' dir='ltr'><strong>traditi</strong></span> <span class='ocrx_word' id='word_1_207' title='bbox 686 3140 788 3181; x_wconf 87' lang='lat' dir='ltr'><strong>versus</strong></span> <span class='ocrx_word' id='word_1_208' title='bbox 810 3120 941 3180; x_wconf 87' lang='lat' dir='ltr'><strong>Plautini</strong></span> <span class='ocrx_word' id='word_1_209' title='bbox 965 3119 1049 3180; x_wconf 88' lang='lat' dir='ltr'><strong>nobis</strong></span> <span class='ocrx_word' id='word_1_210' title='bbox 1070 3119 1226 3199; x_wconf 86' lang='lat' dir='ltr'><strong>praebent,</strong></span> <span class='ocrx_word' id='word_1_211' title='bbox 1256 3122 1289 3178; x_wconf 93' lang='lat' dir='ltr'><strong>in</strong></span> 
     </span>
     <span class='ocr_line' id='line_1_26' title="bbox 140 3225 1011 3307; baseline 0 -22"><span class='ocrx_word' id='word_1_212' title='bbox 140 3226 248 3307; x_wconf 88' lang='lat' dir='ltr'><strong>quibus</strong></span> <span class='ocrx_word' id='word_1_213' title='bbox 270 3234 390 3307; x_wconf 84' lang='lat' dir='ltr'><strong>quartus</strong></span> <span class='ocrx_word' id='word_1_214' title='bbox 412 3246 464 3307; x_wconf 90' lang='lat' dir='ltr'><strong>pes</strong></span> <span class='ocrx_word' id='word_1_215' title='bbox 486 3225 615 3305; x_wconf 88' lang='lat' dir='ltr'><strong>spondeo</strong></span> <span class='ocrx_word' id='word_1_216' title='bbox 637 3246 695 3285; x_wconf 92' lang='lat' dir='ltr'><strong>non</strong></span> <span class='ocrx_word' id='word_1_217' title='bbox 718 3235 857 3286; x_wconf 83' lang='lat' dir='ltr'><strong>excusato</strong></span> <span class='ocrx_word' id='word_1_218' title='bbox 879 3226 1011 3286; x_wconf 86' lang='lat' dir='ltr'><strong>efficitur.</strong></span> 
     </span>
    </p>
   </div>
   <div class='ocr_carea' id='block_1_3' title="bbox 72 3346 1289 3747">
    <p class='ocr_par' dir='ltr' id='par_1_5' title="bbox 72 3346 1289 3747">
     <span class='ocr_line' id='line_1_27' title="bbox 228 3346 1288 3430; baseline -0.004 -20"><span class='ocrx_word' id='word_1_219' title='bbox 228 3348 310 3425; x_wconf 83' lang='lat' dir='ltr'><strong>Quae</strong></span> <span class='ocrx_word' id='word_1_220' title='bbox 333 3348 468 3430; x_wconf 84' lang='lat' dir='ltr'><strong>exempla</strong></span> <span class='ocrx_word' id='word_1_221' title='bbox 489 3352 627 3424; x_wconf 88' lang='lat' dir='ltr'><strong>minuere,</strong></span> <span class='ocrx_word' id='word_1_222' title='bbox 651 3352 676 3407; x_wconf 89' lang='lat' dir='ltr'><strong>si</strong></span> <span class='ocrx_word' id='word_1_223' title='bbox 699 3349 763 3409; x_wconf 90' lang='lat' dir='ltr'><strong>fieri</strong></span> <span class='ocrx_word' id='word_1_224' title='bbox 783 3352 899 3430; x_wconf 86' lang='lat' dir='ltr'><strong>poterit,</strong></span> <span class='ocrx_word' id='word_1_225' title='bbox 921 3368 1005 3408; x_wconf 89' lang='lat' dir='ltr'><strong>nemo</strong></span> <span class='ocrx_word' id='word_1_226' title='bbox 1020 3347 1175 3409; x_wconf 85' lang='lat' dir='ltr'><strong>dubitabit.</strong></span> <span class='ocrx_word' id='word_1_227' title='bbox 1207 3346 1288 3423; x_wconf 76' lang='lat' dir='ltr'><strong>Qua</strong></span> 
     </span>
     <span class='ocr_line' id='line_1_28' title="bbox 138 3453 1288 3537; baseline -0.001 -23"><span class='ocrx_word' id='word_1_228' title='bbox 138 3475 170 3516; x_wconf 93' lang='lat' dir='ltr'><strong>re</strong></span> <span class='ocrx_word' id='word_1_229' title='bbox 205 3475 271 3515; x_wconf 90' lang='lat' dir='ltr'><strong>mea</strong></span> <span class='ocrx_word' id='word_1_230' title='bbox 302 3454 421 3537; x_wconf 89' lang='lat' dir='ltr'><strong>quidem</strong></span> <span class='ocrx_word' id='word_1_231' title='bbox 455 3459 598 3515; x_wconf 87' lang='lat' dir='ltr'><strong>sententis</strong></span> <span class='ocrx_word' id='word_1_232' title='bbox 627 3455 688 3515; x_wconf 92' lang='lat' dir='ltr'><strong>Leo</strong></span> <span class='ocrx_word' id='word_1_233' title='bbox 723 3457 884 3516; x_wconf 89' lang='lat' dir='ltr'><strong>rectissime</strong></span> <span class='ocrx_word' id='word_1_234' title='bbox 917 3454 1025 3514; x_wconf 88' lang='lat' dir='ltr'><strong>formas</strong></span> <span class='ocrx_word' id='word_1_235' title='bbox 1055 3457 1217 3534; x_wconf 86' lang='lat' dir='ltr'><strong>praesentis</strong></span> <span class='ocrx_word' id='word_1_236' title='bbox 1250 3453 1288 3514; x_wconf 89' lang='lat' dir='ltr'><strong>de</strong></span> 
     </span>
     <span class='ocr_line' id='line_1_29' title="bbox 130 3547 1289 3641; baseline 0 -20"><span class='ocrx_word' id='word_1_237' title='bbox 130 3547 234 3641; x_wconf 71' lang='lat' dir='ltr'><strong>¹stirpe</strong></span> <span class='ocrx_word' id='word_1_238' title='bbox 257 3562 330 3621; x_wconf 86' lang='lat' dir='ltr'><strong>‘ven&#39;</strong></span> <span class='ocrx_word' id='word_1_239' title='bbox 353 3564 414 3621; x_wconf 89' lang='lat' dir='ltr'><strong>sine</strong></span> <span class='ocrx_word' id='word_1_240' title='bbox 438 3562 464 3619; x_wconf 83' lang='lat' dir='ltr'><strong>‘i’</strong></span> <span class='ocrx_word' id='word_1_241' title='bbox 487 3560 642 3635; x_wconf 82' lang='lat' dir='ltr'><strong>derivatas,</strong></span> <span class='ocrx_word' id='word_1_242' title='bbox 677 3580 752 3639; x_wconf 91' lang='lat' dir='ltr'><strong>quae</strong></span> <span class='ocrx_word' id='word_1_243' title='bbox 773 3564 806 3619; x_wconf 90' lang='lat' dir='ltr'><strong>in</strong></span> <span class='ocrx_word' id='word_1_244' title='bbox 827 3560 885 3620; x_wconf 88' lang='lat' dir='ltr'><strong>fine</strong></span> <span class='ocrx_word' id='word_1_245' title='bbox 906 3580 1008 3620; x_wconf 86' lang='lat' dir='ltr'><strong>versus</strong></span> <span class='ocrx_word' id='word_1_246' title='bbox 1030 3568 1060 3619; x_wconf 90' lang='lat' dir='ltr'><strong>et</strong></span> <span class='ocrx_word' id='word_1_247' title='bbox 1081 3559 1179 3634; x_wconf 84' lang='lat' dir='ltr'><strong>semel,</strong></span> <span class='ocrx_word' id='word_1_248' title='bbox 1202 3559 1289 3622; x_wconf 83' lang='lat' dir='ltr'><strong>Ourc.</strong></span> 
     </span>
     <span class='ocr_line' id='line_1_30' title="bbox 72 3662 1287 3747; baseline -0.001 -21"><span class='ocrx_word' id='word_1_249' title='bbox 72 3702 78 3710; x_wconf 93' lang='lat'>·</span> <span class='ocrx_word' id='word_1_250' title='bbox 144 3670 214 3742; x_wconf 86' lang='grc'>127,</span> <span class='ocrx_word' id='word_1_251' title='bbox 238 3675 305 3727; x_wconf 91' lang='lat' dir='ltr'><strong>ante</strong></span> <span class='ocrx_word' id='word_1_252' title='bbox 330 3666 473 3726; x_wconf 86' lang='lat' dir='ltr'><strong>diaeresin</strong></span> <span class='ocrx_word' id='word_1_253' title='bbox 488 3667 644 3747; x_wconf 89' lang='lat' dir='ltr'><strong>septenarii</strong></span> <span class='ocrx_word' id='word_1_254' title='bbox 660 3664 778 3725; x_wconf 89' lang='lat' dir='ltr'><strong>iambici</strong></span> <span class='ocrx_word' id='word_1_255' title='bbox 794 3674 936 3745; x_wconf 84' lang='lat' dir='ltr'><strong>apparent</strong></span> <span class='ocrx_word' id='word_1_256' title='bbox 952 3665 1001 3745; x_wconf 86' lang='lat' dir='ltr'><strong>(cf.</strong></span> <span class='ocrx_word' id='word_1_257' title='bbox 1016 3665 1100 3725; x_wconf 86' lang='lat' dir='ltr'><strong>Neue</strong></span> <span class='ocrx_word' id='word_1_258' title='bbox 1114 3665 1172 3725; x_wconf 88' lang='lat'>111.</span> <span class='ocrx_word' id='word_1_259' title='bbox 1191 3662 1287 3740; x_wconf 77' lang='lat'><strong>⁸258,</strong></span> 
     </span>
    </p>
   </div>
   <div class='ocr_carea' id='block_1_4' title="bbox 140 3769 1381 3851">
    <p class='ocr_par' dir='ltr' id='par_1_6' title="bbox 140 3769 1381 3851">
     <span class='ocr_line' id='line_1_31' title="bbox 140 3769 1381 3851; baseline 0 -19"><span class='ocrx_word' id='word_1_260' title='bbox 140 3771 274 3851; x_wconf 87' lang='lat' dir='ltr'><strong>Lindsay</strong></span> <span class='ocrx_word' id='word_1_261' title='bbox 292 3774 377 3847; x_wconf 78' lang='lat'>534),</span> <span class='ocrx_word' id='word_1_262' title='bbox 400 3780 501 3831; x_wconf 89' lang='lat' dir='ltr'><strong>contra</strong></span> <span class='ocrx_word' id='word_1_263' title='bbox 523 3770 656 3831; x_wconf 86' lang='lat' dir='ltr'><strong>codicum</strong></span> <span class='ocrx_word' id='word_1_264' title='bbox 679 3775 852 3851; x_wconf 86' lang='lat' dir='ltr'><strong>scripturam</strong></span> <span class='ocrx_word' id='word_1_265' title='bbox 874 3769 981 3829; x_wconf 90' lang='lat' dir='ltr'><strong>Bacch.</strong></span> <span class='ocrx_word' id='word_1_266' title='bbox 1006 3771 1077 3846; x_wconf 88' lang='grc'><strong>144,</strong></span> <span class='ocrx_word' id='word_1_267' title='bbox 1101 3773 1173 3845; x_wconf 86' lang='grc'><strong>348,</strong></span> <span class='ocrx_word' id='word_1_268' title='bbox 1200 3770 1287 3833; x_wconf 83' lang='lat' dir='ltr'><strong>Most.</strong></span> <span class='ocrx_word' id='word_1_269' title='bbox 1378 3843 1381 3847; x_wconf 9' lang='grc' dir='ltr'>μ</span> 
     </span>
    </p>
   </div>
   <div class='ocr_carea' id='block_1_5' title="bbox 139 3875 1287 4274">
    <p class='ocr_par' dir='ltr' id='par_1_7' title="bbox 139 3875 1287 4274">
     <span class='ocr_line' id='line_1_32' title="bbox 141 3875 1287 3953; baseline -0.003 -16"><span class='ocrx_word' id='word_1_270' title='bbox 141 3882 195 3953; x_wconf 79' lang='grc'><strong>58,</strong></span> <span class='ocrx_word' id='word_1_271' title='bbox 234 3880 312 3951; x_wconf 82' lang='grc'><strong>895,</strong></span> <span class='ocrx_word' id='word_1_272' title='bbox 346 3877 426 3938; x_wconf 92' lang='lat' dir='ltr'><strong>Pers.</strong></span> <span class='ocrx_word' id='word_1_273' title='bbox 453 3879 530 3951; x_wconf 86' lang='grc'>629,</span> <span class='ocrx_word' id='word_1_274' title='bbox 565 3877 646 3936; x_wconf 86' lang='lat' dir='ltr'><strong>Trin.</strong></span> <span class='ocrx_word' id='word_1_275' title='bbox 673 3879 734 3936; x_wconf 80' lang='grc'><strong>583</strong></span> <span class='ocrx_word' id='word_1_276' title='bbox 756 3880 788 3936; x_wconf 93' lang='lat' dir='ltr'><strong>in</strong></span> <span class='ocrx_word' id='word_1_277' title='bbox 814 3876 908 3935; x_wconf 89' lang='lat' dir='ltr'><strong>locum</strong></span> <span class='ocrx_word' id='word_1_278' title='bbox 937 3875 1093 3935; x_wconf 86' lang='lat' dir='ltr'><strong>formarum</strong></span> <span class='ocrx_word' id='word_1_279' title='bbox 1114 3878 1287 3935; x_wconf 87' lang='lat' dir='ltr'><strong>usitatarmn</strong></span> 
     </span>
     <span class='ocr_line' id='line_1_33' title="bbox 139 3967 1287 4063; baseline -0.002 -19"><span class='ocrx_word' id='word_1_280' title='bbox 139 3986 275 4044; x_wconf 80' lang='lat' dir='ltr'><strong>restituit</strong></span> <span class='ocrx_word' id='word_1_281' title='bbox 330 3982 413 4059; x_wconf 83' lang='lat' dir='ltr'><strong>Quae</strong></span> <span class='ocrx_word' id='word_1_282' title='bbox 444 3983 552 4043; x_wconf 83' lang='lat' dir='ltr'><strong>formae</strong></span> <span class='ocrx_word' id='word_1_283' title='bbox 582 3982 683 4043; x_wconf 88' lang='lat' dir='ltr'><strong>eodem</strong></span> <span class='ocrx_word' id='word_1_284' title='bbox 705 3982 793 4043; x_wconf 92' lang='lat' dir='ltr'><strong>modo</strong></span> <span class='ocrx_word' id='word_1_285' title='bbox 816 3991 905 4063; x_wconf 84' lang='lat' dir='ltr'><strong>atque</strong></span> <span class='ocrx_word' id='word_1_286' title='bbox 927 3991 1041 4043; x_wconf 88' lang='lat' dir='ltr'><strong>ceterae</strong></span> <span class='ocrx_word' id='word_1_287' title='bbox 1062 3967 1171 4041; x_wconf 87' lang='lat' dir='ltr'><strong>radicis</strong></span> <span class='ocrx_word' id='word_1_288' title='bbox 1192 3982 1287 4059; x_wconf 85' lang='lat' dir='ltr'><strong>‘ven’·,</strong></span> 
     </span>
     <span class='ocr_line' id='line_1_34' title="bbox 140 4087 1286 4170; baseline -0.001 -22"><span class='ocrx_word' id='word_1_289' title='bbox 140 4092 173 4149; x_wconf 92' lang='lat' dir='ltr'><strong>in</strong></span> <span class='ocrx_word' id='word_1_290' title='bbox 207 4089 312 4169; x_wconf 88' lang='lat' dir='ltr'><strong>quibus</strong></span> <span class='ocrx_word' id='word_1_291' title='bbox 344 4092 441 4169; x_wconf 92' lang='lat' dir='ltr'><strong>priore</strong></span> <span class='ocrx_word' id='word_1_292' title='bbox 471 4096 567 4149; x_wconf 86' lang='lat' dir='ltr'><strong>aetate</strong></span> <span class='ocrx_word' id='word_1_293' title='bbox 595 4091 606 4147; x_wconf 95' lang='lat' dir='ltr'><strong>i</strong></span> <span class='ocrx_word' id='word_1_294' title='bbox 636 4088 820 4149; x_wconf 86' lang='lat' dir='ltr'><strong>semivocalis</strong></span> <span class='ocrx_word' id='word_1_295' title='bbox 842 4108 900 4147; x_wconf 92' lang='lat' dir='ltr'><strong>non</strong></span> <span class='ocrx_word' id='word_1_296' title='bbox 933 4087 1124 4170; x_wconf 83' lang='lat' dir='ltr'><strong>sequabatur,</strong></span> <span class='ocrx_word' id='word_1_297' title='bbox 1157 4087 1286 4148; x_wconf 75' lang='lat' dir='ltr'><strong>naualem</strong></span> 
     </span>
     <span class='ocr_line' id='line_1_35' title="bbox 140 4174 1287 4274; baseline -0.003 -21"><span class='ocrx_word' id='word_1_298' title='bbox 140 4174 337 4255; x_wconf 74' lang='lat' dir='ltr'><strong>damulam-‘n’</strong></span> <span class='ocrx_word' id='word_1_299' title='bbox 359 4194 502 4257; x_wconf 88' lang='lat' dir='ltr'><strong>inlocum</strong></span> <span class='ocrx_word' id='word_1_300' title='bbox 517 4194 627 4254; x_wconf 88' lang='lat' dir='ltr'><strong>nasalis</strong></span> <span class='ocrx_word' id='word_1_301' title='bbox 641 4193 828 4269; x_wconf 78' lang='lat' dir='ltr'><strong>labialis-‘m&#39;‚</strong></span> <span class='ocrx_word' id='word_1_302' title='bbox 851 4214 910 4274; x_wconf 88' lang='lat' dir='ltr'><strong>qua</strong></span> <span class='ocrx_word' id='word_1_303' title='bbox 930 4194 1004 4254; x_wconf 84' lang='lat' dir='ltr'><strong>haec</strong></span> <span class='ocrx_word' id='word_1_304' title='bbox 1022 4192 1109 4253; x_wconf 82' lang='lat' dir='ltr'><strong>radix</strong></span> <span class='ocrx_word' id='word_1_305' title='bbox 1130 4195 1162 4251; x_wconf 92' lang='lat' dir='ltr'><strong>in</strong></span> <span class='ocrx_word' id='word_1_306' title='bbox 1183 4192 1287 4271; x_wconf 80' lang='lat' dir='ltr'><strong>lingua</strong></span> 
     </span>
    </p>
   </div>
   <div class='ocr_carea' id='block_1_6' title="bbox 133 4474 839 4639">
    <p class='ocr_par' dir='ltr' id='par_1_8' title="bbox 133 4474 839 4639">
     <span class='ocr_line' id='line_1_36' title="bbox 230 4474 703 4547; baseline 0.004 -17"><span class='ocrx_word' id='word_1_307' title='bbox 230 4478 257 4547; x_wconf 93' lang='grc'><strong>1)</strong></span> <span class='ocrx_word' id='word_1_308' title='bbox 276 4476 316 4531; x_wconf 86' lang='lat' dir='ltr'><strong>ita</strong></span> <span class='ocrx_word' id='word_1_309' title='bbox 334 4479 365 4545; x_wconf 83' lang='grc' dir='ltr'><strong>Α,</strong></span> <span class='ocrx_word' id='word_1_310' title='bbox 378 4475 417 4531; x_wconf 90' lang='lat' dir='ltr'><strong>P:</strong></span> <span class='ocrx_word' id='word_1_311' title='bbox 437 4475 564 4532; x_wconf 83' lang='lat' dir='ltr'><strong>‘forsitan</strong></span> <span class='ocrx_word' id='word_1_312' title='bbox 583 4491 616 4531; x_wconf 88' lang='lat' dir='ltr'><strong>aa</strong></span> <span class='ocrx_word' id='word_1_313' title='bbox 635 4474 703 4532; x_wconf 88' lang='lat' dir='ltr'><strong>tibi’.</strong></span> 
     </span>
     <span class='ocr_line' id='line_1_37' title="bbox 133 4564 839 4639; baseline 0.006 -22"><span class='ocrx_word' id='word_1_314' title='bbox 133 4610 136 4617; x_wconf 92' lang='lat'>.</span> <span class='ocrx_word' id='word_1_315' title='bbox 229 4568 258 4637; x_wconf 88' lang='grc'><strong>2)</strong></span> <span class='ocrx_word' id='word_1_316' title='bbox 277 4566 401 4639; x_wconf 84' lang='lat' dir='ltr'><strong>exempla</strong></span> <span class='ocrx_word' id='word_1_317' title='bbox 419 4565 480 4627; x_wconf 87' lang='lat' dir='ltr'><strong>vide</strong></span> <span class='ocrx_word' id='word_1_318' title='bbox 500 4566 574 4635; x_wconf 87' lang='lat' dir='ltr'><strong>apud</strong></span> <span class='ocrx_word' id='word_1_319' title='bbox 593 4567 669 4622; x_wconf 88' lang='lat' dir='ltr'><strong>Neue</strong></span> <span class='ocrx_word' id='word_1_320' title='bbox 688 4564 737 4623; x_wconf 84' lang='lat'>111.</span> <span class='ocrx_word' id='word_1_321' title='bbox 754 4568 763 4598; x_wconf 72' lang='lat'>²</span> <span class='ocrx_word' id='word_1_322' title='bbox 778 4566 839 4621; x_wconf 88' lang='grc'><strong>601.</strong></span> 
     </span>
    </p>
   </div>
   <div class='ocr_carea' id='block_1_7' title="bbox 0 0 1604 5217">
    <p class='ocr_par' dir='ltr' id='par_1_9' title="bbox 0 0 1604 5217">
     <span class='ocr_line' id='line_1_38' title="bbox 0 0 1604 5217; baseline 0 0"><span class='ocrx_word' id='word_1_323' title='bbox 0 0 1604 5217; x_wconf 95' lang='lat' dir='ltr'><strong> </strong></span> 
     </span>
    </p>
   </div>
  </div>
 </body>
</html>
