3200 5217
853 428 894 484 40

302 596 385 680 κοινὴ
410 618 485 679 quae
507 597 615 661 dicitur
643 598 774 678 linguam
797 619 814 660 e
836 598 962 659 dialecto
985 598 1087 659 Ionica
1101 600 1218 658 invasit.
1263 597 1312 657 Ita
1333 612 1448 676 quoque

302 696 389 785 ‘calpa'
412 698 462 757 τ’
476 703 621 765 ‘hammer’
644 707 780 786 spiritum
801 705 897 765 lenem
919 704 956 764 ab
980 699 1050 787 αἶρα
1072 701 1168 763 ‘lolch'
1183 704 1329 781 accepisse
1343 706 1448 780 potest.

388 808 524 887 Vestigia
551 811 688 873 infinitivi
722 814 812 871 activi
840 812 1001 891 praesentis
1023 812 1055 869 in
1081 809 1133 872 ‘re'
1156 828 1194 869 ex
1216 814 1250 869 se
1273 809 1344 871 <sei
1367 809 1448 878 <sai‚
1498 796 1502 801 ⁸

303 915 374 989 nati,
397 917 442 973 cni
465 917 497 973 in
519 915 621 993 lingue
643 924 741 976 vetere
763 915 868 975 Indica
895 916 1059 975 infinitivus
1081 918 1113 974 in
1135 916 1185 977 ‘se’
1207 915 1309 973 exiens
1330 930 1449 989 respon-

305 1016 380 1092 deat,
409 1027 524 1098 praeter
553 1019 732 1081 infinitivum
762 1023 794 1079 in
822 1025 855 1082 rb
879 1026 933 1085 <si
961 1028 1063 1079 natum
1085 1017 1164 1100 apud
1186 1017 1326 1078 Plautum
1348 1022 1450 1075 extare

304 1121 436 1183 Solmsen
465 1124 495 1184 J.
518 1125 552 1184 F.
576 1125 621 1185 IV
645 1129 707 1187 240
720 1147 783 1207 sqq.
814 1124 966 1186 contendit
993 1126 1094 1187 littera
1122 1126 1155 1186 ‘e'
1177 1124 1280 1185 horum
1304 1121 1450 1201 exemplo-

303 1248 368 1287 rum
398 1231 430 1287 in
460 1229 578 1291 traditis
608 1231 741 1293 versibus
768 1234 877 1312 scripta
905 1230 1100 1311 dipthongum
1128 1234 1160 1289 in
1187 1228 1303 1310 syllaba
1331 1236 1453 1287 accentu

302 1353 362 1392 non
385 1333 462 1393 elata
484 1338 516 1394 in
539 1345 566 1411 e,
588 1343 649 1396 tum
672 1341 705 1397 in
727 1342 741 1399 i
763 1345 905 1397 mutatum
929 1335 1012 1396 reddi
1031 1336 1195 1395 arbitratus.
1221 1332 1372 1415 Syllabam
1388 1330 1451 1391 lon·

304 1459 371 1515 gam
401 1447 498 1499 autem
528 1441 613 1501 huius
641 1442 781 1503 infinitivi
812 1439 891 1522 apud
916 1442 1054 1501 Plautum
1083 1444 1233 1501 inventam
1255 1448 1356 1531 metro
1370 1439 1451 1497 attri⁴

303 1541 448 1603 buendam
472 1564 535 1606 esse
556 1550 615 1631 iam
637 1547 721 1607 multi
744 1548 795 1607 alii
818 1546 1037 1622 contenderunt,
1060 1550 1112 1628 qai
1134 1556 1201 1607 ante
1214 1554 1385 1617 ,extremam
1408 1542 1452 1601 di-

304 1647 422 1728 podiam
452 1672 567 1731 quoque
595 1653 741 1733 syllabam
771 1655 928 1734 ancipitem
956 1661 1073 1741 poetam
1103 1651 1271 1711 admississe
1302 1651 1452 1710 existima·

305 1761 417 1828 verrmt,
448 1754 529 1814 velut
551 1755 685 1837 Lindsay
712 1757 763 1816 lat.
794 1778 917 1835 gramm
950 1759 1021 1833 617,
1044 1757 1128 1837 Capt.
1152 1756 1255 1816 introd.
1279 1760 1319 1815 42
1345 1756 1372 1834 (§
1397 1755 1450 1835 34)

306 1856 440 1937 Ahlberg
467 1859 505 1920 de
534 1862 722 1942 proceleusm.
750 1865 808 1921 127
841 1862 890 1941 (cf.
913 1861 1044 1922 Sommer
1064 1862 1114 1923 lat.
1136 1882 1179 1940 gr.
1203 1861 1319 1942 630¹».
1354 1861 1453 1921 Testi-

304 1967 401 2023 monia
423 1965 556 2045 syllabae
578 1968 684 2047 longae
706 1968 778 2028 haec
800 1970 1004 2029 inveniuntur:

315 2141 317 2146 ,
390 2069 475 2130 Asin.
501 2075 563 2132 250
586 2077 683 2153 ‘atque
705 2082 826 2152 argento
849 2073 1045 2154 comparando
1068 2074 1177 2153 lingere
1199 2075 1363 2135 fallaciam'.

391 2176 479 2236 Mero.
506 2180 567 2237 934
592 2178 714 2239 ‘Stultus
737 2199 777 2255 es,
800 2180 863 2238 noli
884 2184 962 2239 istuc
984 2199 1092 2260 quaeso
1116 2179 1220 2240 dicerd.
1258 2178 1378 2240 Certum
1401 2199 1452 2239 ex-

304 2281 423 2360 seqnist'
447 2302 511 2341 oum
534 2304 725 2364 personarum
746 2288 916 2346 mutatione.

391 2387 454 2447 Mil.
480 2393 541 2448 848
572 2390 747 2471 ‘Numquam
778 2390 883 2471 edepol
915 2389 978 2451 vidi
1000 2392 1140 2471 promere.
1174 2411 1276 2452 verum
1298 2390 1355 2451 hoc
1380 2392 1453 2452 erat'

305 2488 342 2551 A.
356 2490 389 2551 P.

393 2598 455 2659 Mil.
489 2602 568 2660 1316
602 2600 665 2661 ‘tibi
694 2600 818 2662 salutem
848 2620 896 2662 me
922 2604 1069 2663 iusserunt
1090 2600 1195 2662 dicere.
1228 2601 1336 2662 Salvae
1357 2602 1456 2677 sient’,

305 2720 431 2781 persona
453 2713 575 2769 mutata.

274 2851 276 2855 ,
392 2810 499 2871 Pseud.
531 2814 591 2873 355
623 2817 686 2889 ‘ego
715 2812 855 2873 scelestus
882 2835 959 2874 nuno
991 2820 1145 2891 argentum
1175 2812 1307 2893 promere
1334 2833 1454 2893 possum

306 2912 402 2974 domo’
423 2914 460 2974 A.
472 2916 505 2977 P.
878 2958 884 2971 .

393 3019 499 3080 Pseud.
526 3023 607 3083 1003
640 3022 760 3083 ‘nullam
791 3023 916 3084 salntem
945 3024 1062 3084 mittere
1092 3026 1232 3103 scriptam
1254 3022 1336 3083 solet’
1360 3022 1453 3098 A.P.,

307 3122 359 3183 sed
381 3126 412 3184 in
436 3144 542 3185 scaena
564 3128 741 3207 interpolata
762 3129 811 3207 (ct.
834 3129 943 3188 Leonis
964 3128 1074 3205 adnot.)

394 3230 477 3290 Trin.
503 3234 562 3291 585
594 3232 669 3292 ‘Non
699 3242 837 3293 certumst
865 3238 928 3294 sine
958 3234 1026 3294 dote
1052 3232 1131 3293 baud
1161 3232 1240 3293 dard.
1285 3233 1364 3308 Quin
1388 3235 1454 3293 tui

307 3333 403 3395 modo'
425 3356 550 3416 persona
573 3346 685 3399 mutata
708 3348 759 3399 est.

393 3442 480 3501 Truc.
504 3446 566 3504 425
596 3445 673 3505 ‘Non
702 3444 792 3505 audes
822 3445 933 3526 aliquid
964 3445 1037 3506 mibi
1068 3444 1139 3505 dare
1160 3441 1380 3505 munusculnm’.
1404 3445 1452 3523 (ef.

307 3546 401 3611 Titin.
416 3528 475 3607 105
499 3549 585 3609 Ribb.
609 3550 689 3610 Com.
713 3559 742 3611 et
764 3552 832 3610 Ter.
856 3550 950 3611 Andr.
972 3548 1059 3633 437.)

395 3648 498 3735 (Persa
522 3657 583 3713 642
607 3676 660 3734 pro
683 3654 772 3717 ‘nolle
788 3655 878 3735 loqui'
893 3654 1079 3716 Camerarius
1095 3656 1213 3733 scripsit
1227 3653 1313 3713 ‘nolle
1328 3648 1453 3733 eloqui':

307 3755 343 3815 of.
367 3757 490 3835 Langen
512 3758 604 3839 symb.
631 3762 700 3833 191,
723 3758 828 3819 Pseud.
857 3762 938 3821 1042
962 3762 1066 3819 ‘cuiam
1095 3766 1125 3818 te
1152 3777 1215 3818 esse
1237 3758 1292 3816 vis'
1316 3756 1453 3823 camera·

308 3864 369 3922 rius
391 3866 517 3924 correxit
538 3867 569 3924 in
593 3868 696 3924 ‘auiam
719 3884 781 3925 esse
804 3866 835 3925 td
855 3868 909 3925 vis’
922 3911 1004 3925 .....
1006 3861 1026 3946 ).

395 3967 432 4027 In
454 3971 575 4028 canticis
597 3972 801 4029 inveniuntur:

396 4071 473 4131 Rud.
499 4076 560 4133 244
585 4074 641 4133 ‘Tri
663 4075 737 4135 facis
758 4094 805 4135 me
827 4073 943 4156 quidem
967 4083 1000 4135 ut
1022 4077 1122 4135 vivere
1136 4094 1212 4134 nunc
1227 4073 1325 4133 velim'
1340 4072 1391 4156 (A.
1405 4072 1454 4155 Ρ.)

308 4178 339 4237 in
362 4179 483 4237 creticis.
1369 4187 1371 4190 '

386 4426 411 4493 1)
430 4425 555 4494 exempla
574 4425 609 4479 ad
629 4429 643 4480 5
662 4426 788 4481 infinitivi
808 4426 1038 4495 comprobandum
1058 4427 1144 4481 allata
1169 4426 1237 4479 nihil
1256 4425 1375 4497 probare
1393 4441 1456 4480 oon-

308 4514 397 4573 tendit
418 4516 580 4573 Skutschius
600 4517 772 4575 Vollmtllers
787 4518 827 4591 jb.
847 4518 880 4574 11.
900 4520 943 4576 48.
