3200 5217
897 459 936 520 14

339 630 438 695 hichio
460 640 542 707 esset,
565 640 689 693 metrum
708 634 800 711 igitur
815 632 938 692 tonnam
959 654 1017 693 non
1039 634 1162 711 flagitat,
1185 636 1274 694 immo
1296 632 1359 694 lieri
1379 642 1484 713 potest,

340 749 371 799 ut
394 738 479 797 ‘dent'
513 737 673 813 scribatur,
707 737 786 818 quod
819 742 850 799 in
881 742 1047 819 anapaestis
1069 740 1209 819 praefero.
1265 741 1350 800 Unus
1385 749 1485 800 autem

340 864 441 904 versus
463 846 494 901 in
516 842 649 904 diverbio
672 852 783 917 exstat,
818 847 869 923 qui
891 853 976 905 extra
997 845 1076 904 locos
1099 867 1117 903 a
1139 845 1269 905 Luchsio
1302 856 1485 907 enumeratos

339 948 461 1009 formam
484 948 567 1007 ‘duis'
589 949 726 1027 praebet:
750 948 825 1007 Rud.
852 953 934 1009 1366
954 950 1034 1027 (nam
1056 960 1207 1030 corruptus
1229 960 1274 1010 est
1295 952 1377 1028 Men.¹
1398 948 1485 1034 451),

339 1055 388 1119 ‘ab
409 1075 472 1117 eam
487 1074 524 1114 ne
539 1053 613 1128 duis,
636 1053 768 1114 condono
784 1062 819 1114 te
848 1054 981 1133 Benigne
996 1055 1098 1136 edepol
1113 1056 1202 1116 facis’.
1225 1055 1373 1116 Confiteor
1388 1065 1485 1117 antem

338 1181 389 1221 666
414 1164 472 1227 rix
489 1159 606 1225 enedsre
626 1180 713 1241 posse
734 1159 790 1219 hoc
812 1180 870 1219 uno
893 1160 956 1220 loco
979 1160 1102 1220 formam
1125 1158 1276 1241 antiquam
1305 1171 1390 1221 extra
1411 1162 1485 1223 fines

338 1269 440 1333 ceteris
462 1266 539 1325 locis
559 1266 697 1329 sudes
713 1264 851 1325 Plautum
874 1265 1040 1341 admisisse,
1074 1269 1180 1326 iniuria
1211 1271 1289 1327 enirn
1311 1268 1410 1327 Luchs
1432 1270 1485 1327 v-ix

330 1375 433 1445 ¹minus
467 1392 554 1451 quam
585 1374 616 1430 in
649 1370 712 1431 fine
741 1371 872 1435 ioh
901 1380 967 1452 post
999 1374 1123 1452 primum
1157 1374 1294 1431 creticum
1326 1375 1486 1452 septenarii

337 1477 465 1558 spondeo
487 1476 659 1558 praetulisse
691 1484 809 1557 poetam
832 1476 987 1541 aaran&
1016 1497 1070 1540 uec
1104 1480 1200 1537 minus
1233 1498 1322 1557 quam
1346 1482 1376 1537 in
1409 1477 1485 1558 pede

338 1592 442 1665 quarto
465 1586 496 1641 in
518 1581 593 1663 pede
616 1580 743 1641 secundo
767 1582 840 1661 (soil.
863 1585 893 1641 in
925 1586 1054 1647 transitu
1082 1582 1171 1667 pedis
1197 1586 1276 1643 tertii
1309 1582 1346 1641 ad
1379 1583 1485 1664 pedem

336 1696 471 1769 quartum
499 1688 670 1768 septenarii)
693 1688 818 1747 Plautus
839 1687 1000 1766 spondeum
1022 1691 1142 1750 vitarit.
1186 1688 1293 1772 Reque
1312 1691 1402 1767 igitur
1424 1709 1484 1749 me

331 1798 421 1867 ,tricis
444 1797 540 1853 causis
561 1796 593 1852 in
616 1800 720 1872 quarta
743 1795 801 1851 arsi
824 1792 922 1851 ‘duim'
945 1802 999 1854 etc.
1021 1796 1182 1873 usurpavit,
1215 1793 1269 1853 sed
1288 1814 1345 1856 usn
1364 1794 1486 1873 linguae

338 1908 512 1960 commotum
534 1919 599 1958 eum
625 1900 655 1956 in
681 1898 738 1957 fine
761 1906 813 1956 aut
833 1898 979 1957 interdum
1001 1906 1070 1958 ante
1092 1900 1262 1958 incisionem
1284 1902 1416 1978 posm‘aeo
1437 1920 1488 1959 ar-

338 2004 437 2065 bitror.
495 2004 632 2063 Fortasse
661 2006 753 2080 igitur
784 2003 1032 2083 transponendum
1063 2011 1108 2063 est
1129 2003 1204 2064 Rud.
1231 2007 1314 2065 1368
1347 2010 1393 2064 ‘ne
1415 2004 1488 2068 dun

338 2109 375 2170 ob
397 2111 470 2183 earn,
493 2108 624 2169 condono
646 2108 683 2168 tc'
699 2153 800 2169 .....

334 2252 336 2257 .
424 2216 458 2275 In
492 2216 594 2292 lingua
630 2221 728 2275 vetere
758 2213 897 2273 nonnulla
926 2213 1016 2273 verba
1048 2217 1164 2274 tertiam
1186 2234 1340 2296 personam
1361 2216 1486 2295 pluralis

337 2324 497 2402 praesentis
520 2322 601 2380 exitu
623 2319 713 2379 ‘nunt'
736 2320 883 2394 efficiunt,
914 2340 998 2399 quem
1019 2322 1076 2379 viri
1099 2320 1178 2380 docti
1200 2320 1330 2380 nondum
1353 2322 1485 2401 explica-

337 2434 442 2487 verunt
454 2422 485 2505 ¹).
529 2426 578 2484 Ex
602 2414 707 2506 quibus
729 2425 829 2484 formis
852 2433 957 2505 poetae
978 2428 1103 2485 scaenici
1133 2446 1222 2486 unam
1245 2426 1402 2486 iambicam
1426 2427 1486 2485 ‘da-

337 2533 418 2593 nunt'
452 2539 674 2611 usurpaverunt.
730 2530 821 2609 Apud
843 2531 983 2590 Plautum
1006 2530 1142 2605 ι(166666,
1174 2530 1253 2611 quod
1281 2531 1342 2592 fere
1372 2551 1487 2612 semper

337 2642 369 2698 in
401 2638 459 2697 fine
485 2658 586 2697 versus
620 2644 671 2697 aut
703 2645 771 2695 ante
806 2635 950 2696 diaeresin
984 2639 1141 2717 septenarii
1175 2637 1294 2697 iambici
1327 2639 1485 2712 invenitur,

337 2752 473 2824 quartum
505 2741 608 2821 pedem
642 2741 741 2820 explet
762 2740 869 2801 Pseud.
894 2744 977 2803 767:
1013 2743 1069 2799 ‘cui
1103 2744 1273 2801 servitutem
1306 2741 1337 2800 di
1372 2741 1486 2801 danunt

338 2848 502 2922 lenoniam',
537 2850 585 2927 qui
609 2867 710 2907 versus
732 2866 867 2906 scaenam
889 2847 1009 2925 incipit,
1044 2866 1130 2925 quam
1154 2848 1211 2905 viri
1234 2846 1312 2906 docti
1335 2848 1366 2905 in
1389 2849 1484 2926 suspi-

339 2958 451 3015 cionem
473 2953 669 3014 vocaverunt.'
707 2952 754 3031 (cf.
778 2952 886 3011 Leonis
909 2947 1027 3034 adnot).
1072 2952 1152 3011 Pers.
1180 2954 1257 3012 257:

425 3060 559 3133 danunt,
593 3060 706 3137 argenti
733 3060 841 3131 mutui,
876 3065 908 3116 ut
936 3060 963 3117 ei
995 3059 1092 3136 egenti
1122 3076 1207 3137 opem
1239 3056 1377 3117 adferam'
1400 3060 1485 3117 initio

338 3186 437 3226 versus
459 3164 581 3225 verbum
604 3172 692 3239 extat,
716 3162 769 3223 sed
791 3166 860 3243 quia
884 3171 970 3223 antea
988 3162 1067 3221 solus
1082 3162 1222 3243 «luppiter
1236 3174 1484 3239 commemoratur,

338 3292 396 3332 non
420 3280 499 3331 caret
519 3270 676 3329 offensione
691 3268 812 3349 pluralis
828 3267 967 3329 ι(166666.
991 3268 1115 3327 Botbius
1132 3271 1257 3327 mutavit
1270 3270 1301 3327 in
1316 3268 1377 3327 ‘dat
1390 3270 1485 3334 nunc’.

388 3434 393 3441 ,
425 3376 536 3436 Contra
559 3375 596 3435 de
620 3378 807 3435 coniunctivo
829 3396 847 3433 a
869 3377 959 3453 stirpe
981 3374 1029 3432 ‘fu’
1052 3383 1121 3433 nato
1144 3374 1240 3433 ‘fuam'
1263 3373 1350 3435 valde
1372 3372 1483 3450 dubito,

336 3504 407 3544 num
429 3503 460 3543 re
483 3502 554 3541 vera
576 3480 704 3542 eiusdem
727 3480 909 3540 condicionis
930 3483 968 3538 sit
991 3481 1073 3538 cuius
1095 3479 1227 3554 danunt,
1251 3479 1344 3554 duim,
1378 3479 1485 3544 duam’.

337 3591 450 3651 Ultima
473 3588 591 3669 quidem
613 3587 694 3647 verbi
719 3594 840 3646 accentu
863 3586 981 3645 effertur
995 3594 1112 3665 praeter
1125 3584 1258 3645 ultimum
1272 3604 1373 3645 versus
1387 3586 1484 3646 locum

336 3716 481 3775 nusquam
514 3696 571 3752 nisi
603 3696 634 3753 in
664 3691 802 3753 secunda.
822 3694 881 3750 arsi
903 3692 965 3749 Mil.
993 3693 1053 3750 299
1078 3690 1124 3767 (of.
1148 3691 1216 3751 Ter.
1239 3691 1311 3751 Hoc.
1337 3691 1421 3771 610),
1452 3695 1483 3750 in

332 3808 442 3882 -quarta
464 3803 521 3859 arsi
544 3798 628 3878 Capt.
652 3800 724 3856 443.
855 3870 860 3879 ,

424 3910 560 3986 ι6666666,
581 3903 729 3964 infidelior
749 3902 823 3961 mihi
845 3921 882 3961 ne
903 3901 977 3978 furis,
1001 3923 1087 3983 quam
1108 3920 1163 3980 ego
1186 3922 1250 3960 sum
1272 3902 1344 3963 tibi'.

422 4011 615 4092 Pyrrhiohius
649 4016 747 4071 autern
780 4017 863 4070 extat
887 4010 964 4068 260:
993 4013 1097 4090 ‘neque
1128 4016 1159 4068 te
1188 4008 1274 4068 nobis
1295 4012 1321 4067 si
1344 4008 1481 4068 abeamus

311 4119 420 4194 ,rhina
453 4121 477 4177 si
511 4117 575 4177 fuat
605 4114 737 4191 occasio',
771 4114 823 4174 ubi
851 4113 920 4173 licet
949 4113 1067 4194 quidem
1089 4114 1214 4175 fortasse
1247 4115 1282 4172 ‘si
1318 4114 1480 4194 abeam(us)

336 4278 542 4289 ...--.---—

329 4366 334 4373 '
427 4365 454 4436 1)
473 4364 549 4419 nullo
568 4361 646 4418 modo
666 4361 806 4418 satisfacit
820 4361 987 4418 Johanssoni
999 4360 1154 4432 explicatio,
1173 4360 1239 4416 item
1258 4358 1397 4416 Pedemen
1409 4360 1435 4415 J.
1449 4358 1481 4417 F.

338 4454 435 4524 11302,
453 4469 504 4509 nec
522 4454 608 4524 magis
627 4453 752 4523 cuiquam
765 4454 933 4509 Sommerum
945 4452 994 4507 lat.
1012 4468 1123 4521 gramm
1144 4453 1266 4520 oaorqu
1285 4466 1481 4520 persuasurum

332 4560 397 4608 ¹esso
419 4560 524 4614 oprnor.
628 4590 634 4595 .
701 4604 703 4607 ¹
