3200 5217
703 484 745 547 47

155 654 268 720 hiatum
297 662 343 721 his
372 663 444 721 locis
473 667 574 723 versus
589 664 713 744 'poetam
733 662 888 722 'admisisse
910 659 1041 742 exposui,
1071 661 1143 721 baec
1165 656 1300 740 exempla

156 890 214 949 quo
244 873 330 931 modo
361 872 456 932 adbuc
484 877 544 933 vim
574 874 711 933 habuisse
742 872 940 951 comprobent,
971 871 1121 931 concedas.
1155 872 1301 952 Exempla

155 974 229 1035 baec
252 986 335 1037 sunt:

106 1162 111 1165 ,
206 1130 209 1137 .
244 1082 322 1144 Rud.
348 1086 429 1143 1069
454 1084 528 1159 ‘Quo
551 1084 637 1143 modo
660 1084 769 1144 habeas
787 1083 822 1141 id
845 1083 939 1157 refert,
963 1085 1062 1142 iurene
1084 1102 1160 1143 anne
1186 1084 1303 1142 iniuria'

153 1182 282 1265 (nullutn
313 1187 467 1249 discrimen
492 1210 562 1263 esse,
588 1199 686 1259 utrum
707 1190 805 1248 hiatus
827 1191 858 1247 in
880 1192 940 1248 arsi
958 1184 1095 1246 inventus
1117 1196 1184 1247 ante
1206 1189 1302 1247 thesin

152 1293 389 1373 monosyllabam
410 1304 540 1354 an'ante
561 1296 655 1367 thesin
679 1294 857 1374 bisyllabam
879 1302 967 1365 extet,
990 1296 1049 1352 iam
1068 1290 1257 1377 supradixi.)
1289 1359 1295 1366 μ

244 1398 332 1457 Most.
358 1402 417 1459 396
439 1401 540 1459 '‘Potin
562 1402 659 1459 animo
682 1403 723 1459 ut'
737 1402 778 1458 sis
792 1401 898 1478 “quieto
921 1408 951 1457 et
973 1397 1065 1456 facias
1087 1380 1166 1477 quod
1191 1397 1301 1457 iubeo?

155 1501 277 1561 Potest
292 1499 350 1586 (ch
363 1505 471 1565 Leonis
493 1505 605 1587 adnot.)
652 1506 738 1565 Mera.
756 1508 818 1563 607
835 1504 982 1584 'Disperii
996 1503 1083 1563 illaec
1096 1510 1143 1561 me
1157 1506 1303 1563 interemit

151 1612 203 1666 'me
219 1608 311 1667 *modo
330 1612 435 1669 oratio’
454 1608 507 1695 (A.
520 1612 553 1670 P.
567 1608 610 1693 ¹))
642 1612 643 1615 ’
1023 1613 1028 1618 ”
1282 1677 1283 1681 ,

184 1742 186 1745 ·
246 1713 326 1774 Pers.
351 1718 412 1775 835
439 1716 608 1776 ‘Attamen
631 1736 689 1775 non
711 1750 754 1761 —
776 1725 873 1775 tamen
895 1749 939 1759 -
961 1714 1041 1775 Cave
1063 1733 1133 1792 ergo
1146 1712 1197 1773 ¹sis
1218 1715 1305 1791 mald,

151 1825 329 1899 etsequ'ere
351 1822 412 1880 me’.
530 1826 532 1833 '
729 1872 730 1875 ,
870 1803 872 1807 ,
1009 1866 1010 1869 η
1167 1825 1170 1830 ’

212 1952 226 1969 ·-
244 1924 333 1984 Poen.
357 1928 424 1984 497.
444 1925 578 1986 ‘Certum
602 1926 680 1985 'l'um
703 1935 735 1985 tu
756 1928 849 2004 igitur
872 1925 920 1986 die
943 1925 1018 1985 bono
1043 1926 1255 2005 Aphrodisiis).

153 2068 163 2073 ==
240 2030 313 2105 Qua
334 2034 499 2092 rationeex
514 2032 656 2112 exemplis
671 2054 689 2090 a
702 2031 962 2091 Maurenbrechero
978 2030 1075 2091 allatis
1090 2031 1304 2111 relinquuntur:

246 2136 353 2216 Amph.
380 2140 450 2210 193,
473 2134 561 2197 Mera.
585 2140 658 2211 887,
690 2140 739 2217 qui
762 2136 914 2196 mutilatus
936 2145 966 2196 et
987 2136 1063 2195 falso
1091 2136 1156 2196 loco
1177 2135 1304 2196 traditui

151 2240 593 2320 -nihil2probauuosts1144,
616 2242 665 2301 ubi
689 2242 787 2301 hiatus
809 2251 875 2322 post
897 2244 1101 2322 imperativum
1121 2239 1226 2303 tertiae
1239 2262 1304 2322 per·

154 2364 248 2405 sonae
263 2348 448 2425 singularis,
463 2344 602 2427 'pristinis
633 2347 812 2427 temporibus
839 2347 966 2406 in-‘t'od'v
977 2348 1164 2409 ‘desinentem
1192 2369 1219 2407 a
1228 2364 1303 2407 non·-

150 2451 249 2511 nullis
263 2455 409 2528 statuitur,
421 2454 486 2512 ‘fieri
498 2462 604 2534 potest,
620 2462 652 2512 ut
667 2454 812 2528 manime,
826 2452 1045 2533 achpito'banc
1058 2453 1097 2512 ad
1118 2453 1260 2521 toditem.
1272 2502 1278 2513 .
1290 2454 1306 2514 .'

149 2556 362 2635 .legatur,nisi
385 2578 451 2617 curn
469 2559 633 2619 Ritscbelio
657 2560 735 2618 ‘tute’
757 2560 825 2637 post
847 2558 941 2617 ‘banc'
962 2555 1087 2626 inserere
1109 2557 1305 2639 mavis3'spa-

154 2666 233 2722 tium
256 2663 357 2723 eodem
380 2663 440 2723 tere
456 2664 526 2723 :1000
548 2668 579 2722 in
602 2684 689 2724 versu
711 2666 842 2744 sequenti
867 2663 1074 2722 relictumest.
1119 2662 1209 2723 Stich.
1234 2665 1306 2741 255,

158 2768 276 2828 Oolacis
297 2770 385 2848 irgm,
400 2774 425 2829 '2
447 2772 563 2835 omissis
586 2773 628 2829 eis
652 2770 801 2849 exemplis,
825 2786 900 2849 quae
917 2770 1039 2828 hiatum-
1063 2776 1132 2827 ante
1153 2768 1305 2848 personam

157 2874 301 2933 mutatam
323 2875 433 2950 habent
455 2872 659 2959 (velut-sotere.
687 2878 754 2949 183,
778 2874 935 2935 secundum
955 2871 1049 2933 Maur.
1074 2873 1227 2934 duodecim
1253 2891 1306 2934 ex·

155 2979 246 3060 tant),
278 3000 352 3060 quae
386 2980 422 3039 ad
457 2982 568 3040 hiatum
603 2984 635 3039 in
668 2983 731 3039 arsi·
764 2976 936 3039 coiiocatum
968 2979 1197 3041 confirmandum
1234 2984 1306 3040 satis

156 3106 218 3145 non
241 3092 337 3145 a'unt.¹
417 3108 426 3140 c
469 3092 473 3097 ’
956 3084 958 3086 ’

154 3192 161 3203 '
247 3192 431 3251 Testimonia
458 3192 556 3251 hiatus
585 3202 652 3273 post
682 3194 719 3255 ‘a'
748 3192 870 3251 ablativi
901 3195 1014 3270 primae
1036 3190 1240 3251 declinationis
1261 3195 1306 3252 in·

156 3300 248 3356 venti
265 3300 366 3371 omnia
384 3297 579 3357 locisversus
602 3319 620 3356 a
642 3302 688 3358 me
711 3300 844 3356 tractatis
868 3305 975 3356 extant.

248 3403 354 3482 Amph.
383 3406 459 3473 545,
476 3405 568 3483 ·‘prius
596 3412 647 3462 tua
677 3405 816 3483 opinione
844 3402 901 3462 hic·
915 3401 1020 3462 adero:
1048 3402 1157 3462 bonnm
1179 3404 1308 3464 animum

158 3508 252 3568 habe’.
788 3512 790 3517 ’

154 3644 162 3653 =
249 3615 337 3675 Most.
364 3610 527 3676 aceruos
549 3616 646 3694 ‘opert
668 3615 740 3675 ebur
762 3615 922 3674 atramento
945 3614 1135 3675 candefacere
1158 3616 1306 3694 postules'.

219 3741 221 3745 ·
250 3720 332 3779 Trin.
359 3724 420 3779 540
443 3725 517 3780 ‘sues
539 3723 701 3779 moriuntur
723 3723 833 3799 angina
854 3715 1011 3781 acerrume?
1035 3719 1150 3803 (A.P.).
1210 3736 1213 3742 '

248 3824 356 3887 Pseud.
381 3828 441 3885 317
474 3830 534 3885 ‘ant
563 3827 641 3885 terra
671 3833 721 3884 aut
742 3828 817 3887 mari
839 3823 972 3887 uliconde
994 3826 1131 3885 evolvam
1150 3824 1189 3884 idv
1206 3845 1308 3904 argen-

153 3940 224 3997 tum
236 3931 316 3997 ftibi'
339 3927 458 4015 (A.5P.)‚
480 3943 566 4011 quem
582 3951 698 3992 versum
719 3933 762 3991 ita
782 3930 852 4008 legi,
873 3940 906 3989 ut
921 3931 1019 3990 hiatus
1041 3930 1166 3991 traditus
1189 3934 1229 3991 sit
1241 3940 1309 4010 post

161 4039 262 4111 ‘mari',
292 4034 408 4097 necesse
437 4040 575 4099 nonest.
604 4034 724 4109 ‘Quem
755 4039 780 4095 si
796 4055 923 4095 ¹versum
943 4034 1185 4111 deducas‚·unus
1206 4056 1308 4097 versus

158 4151 252 4203 restat
273 4142 348 4202 Rud.
375 4129 479 4217 1307,
496 4144 548 4223 qui
577 4128 690 4201 hiatum
708 4149 785 4221 ‘post
816 4141 845 4205 ‘i'
870 4140 993 4202 ablativi
1015 4141 1158 4222 stirpium,
1180 4161 1256 4221 quae
1276 4144 1309 4201 in

236 4317 263 4385 1)
291 4316 344 4371 nisi
371 4314 489 4371 fortasse
516 4316 611 4370 ‘modo’
638 4321 680 4371 est
702 4316 929 4384 instrumentaliu,
956 4303 1309 4386 quod'quidemvocaliin

159 4422 214 4460 usu
232 4406 342 4475 linguae
361 4406 485 4460 breviata
503 4423 557 4460 non
577 4401 1015 4476 comprobaturtct-Sommeruni
1034 4407 1137 4475 latrgr.
1148 4408 1219 4476 376),
1249 4406 1309 4474 Qua

160 4482 196 4551 de
216 4512 247 4550 re
264 4513 318 4549 non
338 4496 414 4565 prius
434 4495 543 4550 decerni
561 4496 651 4565 posse,
671 4484 752 4564 quam
771 4496 800 4549 in
820 4483 909 4550 tiiuiis
923 4482 1121 4565 antiquissimis
1133 4494 1310 4574 haec-torna

157 4586 324 4654 inveniatur,
344 4591 459 4641 constat.
788 4592 790 4603 ¹
937 4587 939 4590 ’
987 4571 994 4606 ·’“
1035 4573 1056 4594 ”
1235 4573 1251 4590 ”
1295 4573 1300 4611 ⁷
