3200 5217
678 518 714 574 11

129 692 216 766 enim,
247 711 369 771 quorum
391 692 529 752 suffixum
551 712 588 753 ex
610 728 653 738 —
676 692 735 753 ‘tlo’
756 701 859 753 natum
888 702 965 768 erat,
994 729 1037 739 -
1070 690 1277 773 significabant

129 804 181 855 aut
202 799 439 872 instrumentum,
475 819 548 879 quo,
580 806 633 858 aut
653 798 763 873 locum,
796 798 846 859 ubi
877 798 990 879 aliquid
1010 800 1044 859 fit
1064 835 1116 874 —,
1145 797 1279 859 nondum'

130 900 347 961 ‘Svarabhalsti'
370 921 446 984 quae
469 902 589 979 dicitur,
622 904 719 963 vocali
741 904 914 979 utebantur,
943 907 1001 963 nisi
1031 907 1062 964 in
1092 905 1151 965 fine
1174 925 1276 965 versus

130 1014 181 1065 aut
203 1007 260 1066 coli
284 1008 426 1068 collocata
449 1005 574 1089 erant1).
610 1008 645 1071 cf.
669 1009 802 1090 Liudsay
825 1010 917 1070 Olaes.
940 1012 1011 1071 Rev.
1038 1012 1129 1085 1892,
1145 1012 1185 1069 87
1203 1030 1275 1090 squ,

81 1110 83 1113 ’
130 1112 178 1172 lat.
204 1134 325 1191 gramm.
351 1117 422 1190 200,
445 1124 595 1195 praeterea
613 1116 738 1195 Seyffert
754 1116 903 1177 ‘Bursians
924 1116 1158 1195 jahresberichte'
1183 1119 1276 1193 1894,

132 1220 201 1278 269.
259 1219 342 1295 Quae
375 1220 484 1281 formae
517 1220 714 1281 Svarabhalrti
748 1223 845 1283 vocali
879 1231 981 1283 auctae
1011 1221 1139 1282 laudatis
1172 1241 1274 1282 versus

129 1323 203 1383 locis
224 1327 429 1391 inveniuntur:

216 1428 300 1490 (iuro.
325 1434 388 1491 368
412 1432 553 1511 ‘poculum
576 1433 703 1511 grando,
727 1434 794 1494 aula
824 1455 946 1514 magna,
979 1442 1012 1493 ut
1044 1434 1117 1493 satis
1152 1433 1276 1493 consilia

131 1536 304 1616 suppetant'.
434 1518 436 1523 ,

145 1686 148 1695 ,
217 1641 305 1702 Stich.
332 1645 394 1703 272
419 1648 464 1703 ‘no
485 1647 541 1704 iste
563 1644 668 1725 edepol
692 1648 793 1705 vinum
809 1644 914 1726 poculo
935 1643 1110 1725 pauxillulo'
1132 1651 1276 1704 testantur

131 1744 209 1822 ΑΡ,
232 1747 373 1808 Placidus
395 1749 516 1810 Nonius.
1164 1740 1189 1765 ⁹

217 1854 307 1916 Stich.
325 1858 386 1915 725
404 1855 546 1933 ‘agedum
563 1856 671 1933 Sticho,
686 1866 750 1918 uter
758 1853 939 1933 demutassit,
962 1855 1069 1937 poculo
1082 1849 1276 1916 multabitur'.

216 1958 301 2037 trgm.
324 1962 423 2022 incert.
450 1965 489 2021 28
505 1964 536 2021 in
557 1962 683 2022 iambico
705 1966 855 2024 octonario
877 1971 946 2023 ante
968 1963 1102 2023 ultimam
1124 1960 1275 2041 dipodiam

131 2063 263 2141 ‘pellibus
284 2066 445 2145 periculum
467 2067 665 2147 portenditur'.
1146 2073 1148 2077 ’

217 2170 305 2229 Truc.
330 2173 370 2231 48
394 2175 427 2231 ‘si
450 2173 538 2233 semel
561 2177 667 2233 amoris
688 2174 824 2254 poculum
847 2176 961 2253 accepit
989 2173 1080 2248 meri',
1108 2161 1186 2233 Rud.
1206 2156 1273 2234 ‘349

131 2276 316 2355 ‘capitalique
338 2296 375 2337 ex
404 2278 534 2358 periculo
558 2279 643 2339 orbas
666 2279 817 2361 auxilique
848 2297 993 2359 opumque
1024 2278 1105 2354 huc',
1139 2278 1191 2338 ubi
1222 2300 1276 2360 pro

130 2380 239 2441 tradito
262 2383 389 2462 ‘periclo'
412 2384 558 2463 ‘periculo'
580 2388 663 2445 metri
686 2406 772 2445 causa
793 2383 938 2444 scribatur
959 2402 1077 2444 necesse
1095 2393 1147 2459 est,
1170 2383 1277 2445 docent

130 2486 183 2545 has
212 2486 320 2547 formas
342 2492 451 2548 notatis
482 2510 599 2571 quoque
628 2509 729 2550 versus
762 2490 834 2550 locis
867 2492 911 2549 ita
944 2488 1081 2549 collocari
1113 2510 1213 2569 posse,
1243 2497 1276 2551 ut

129 2591 309 2671 paenultima
330 2593 425 2655 thesin
448 2596 572 2675 expleat,
595 2596 698 2655 ultima
721 2595 855 2657 elidatur.
900 2595 1010 2655 Contra
1028 2596 1106 2655 Meu.
1124 2598 1186 2655 840
1209 2604 1276 2675 post

131 2696 245 2757 ‘oraclo'
263 2698 360 2759 hiatus
374 2704 494 2779 agnosci
508 2701 595 2761 debet
610 2702 646 2780 (B
661 2700 783 2781 praebet
799 2701 955 2780 ‘oraculo’).
993 2702 1081 2760 Truc.
1101 2704 1161 2761 223
1177 2710 1275 2761 autem

132 2804 317 2883 ‘piaculumst
345 2806 484 2867 miserere
514 2808 567 2866 uds
583 2853 706 2866 ......
710 2806 717 2833 ’
739 2806 945 2887 (piaculumst
974 2808 1005 2865 in
1027 2807 1064 2865 A.
1079 2806 1125 2886 Ρ.)
1153 2809 1276 2885 cogitari

131 2917 225 2987 potest
266 2909 358 2969 verba
399 2911 615 2992 transponenda
656 2932 718 2972 esse
750 2915 782 2972 in
820 2914 965 2972 ‘miserere
994 2931 1048 2971 nos
1083 2912 1276 2991 piaculumst'.

131 3014 255 3093 Seyffert
277 3013 307 3100 (l.
324 3014 371 3095 1.),
406 3019 456 3097 qui
486 3036 585 3077 eorum
607 3018 776 3092 verborum,
808 3038 884 3099 quae
906 3026 974 3077 ante
996 3017 1133 3077 suffixum
1155 3017 1275 3079 brevem

130 3119 261 3179 vocalem
294 3120 450 3201 praebent.
481 3122 575 3182 solum
604 3122 766 3183 ‘cubiclum'
798 3124 954 3203 pristinam
975 3122 1099 3181 formam
1121 3120 1276 3183 ostendero

131 3232 220 3303 putat,
243 3225 309 3285 Oas.
336 3229 396 3286 965
421 3228 582 3287 ‘cubicldm'
604 3228 709 3288 falsum
732 3247 794 3288 esso
816 3228 896 3287 dicit.
943 3226 1001 3288 Sed
1023 3227 1088 3287 fieri
1109 3235 1213 3307 potest,
1235 3235 1276 3287 vut

132 3330 201 3389 ‘redi
231 3334 271 3390 sis
294 3334 324 3389 ln
347 3332 492 3392 cubiclrim
515 3336 626 3414 periisti
648 3333 744 3393 hercle
767 3353 836 3411 age,
865 3331 971 3393 accede
1000 3331 1058 3392 huc
1078 3331 1174 3392 modo'
1196 3333 1276 3411 lega

132 3458 194 3495 mus
220 3436 304 3498 hiatu
321 3436 391 3518 ‘post
414 3440 543 3519 ‘periisti’
565 3443 669 3520 posito.
699 3443 770 3499 item
792 3438 925 3519 Lindsay
947 3437 1023 3498 Phil.
1049 3440 1098 3513 51,
1115 3440 1177 3498 367
1187 3463 1194 3514 3
1218 3443 1275 3498 ‘cu-

131 3542 266 3602 biculum'
288 3545 437 3603 invenitur
460 3544 509 3604 As.
528 3548 599 3619 787,
621 3544 729 3625 Amph.
753 3547 815 3604 808
838 3546 870 3602 in
891 3544 949 3604 fine
971 3563 1081 3618 versus,
1103 3544 1192 3603 Most.
1210 3547 1271 3604 696

130 3650 158 3706 iu
181 3651 295 3708 creticis
318 3658 385 3709 ante
408 3649 584 3725 clausulam,
616 3649 681 3709 (ias.
707 3652 767 3709 769
799 3652 838 3708 ‘in
867 3648 1000 3709 cubiculo
1022 3659 1166 3709 exornant
1188 3647 1273 3709 duae'

130 3761 195 3812 ante
218 3763 352 3832 quartam
376 3758 455 3814 arsin
477 3755 580 3815 ultima
601 3754 696 3815 vocali
727 3754 806 3828 elisa,
829 3754 910 3813 velut
931 3753 1006 3813 Rud.
1032 3756 1093 3812 349
1118 3758 1164 3814 ‘ex
1197 3756 1274 3833 peri·

130 3858 193 3917 culo
216 3855 322 3919 orbas'.

179 3964 182 3978 ¹
214 3964 301 4025 Solus
323 3984 427 4025 versus
449 3964 554 4025 Pseud.
579 3967 640 4025 947
663 3966 693 4023 in
716 3966 883 4044 anapaestis
904 3973 1009 4023 restat:
1038 3962 1160 4045 ‘Lepido
1182 3966 1272 4039 victu,
1360 3954 1363 3959 ’

129 4073 205 4146 vino,
227 4072 393 4149 unguentis,
416 4078 445 4132 et
467 4070 543 4130 inter
565 4069 670 4150 pocdla
692 4069 904 4151 pulpamentis‘.

217 4434 244 4503 l)
263 4432 339 4501 Quae
358 4450 418 4487 cum
430 4434 471 4487 ita
489 4433 557 4499 sint,
571 4432 749 4499 ‘clanculum’‚
770 4431 842 4501 quod
855 4432 979 4487 omnibus
992 4434 1060 4488 locis
1074 4450 1169 4489 versus
1189 4436 1271 4489 collo·

127 4528 211 4589 eatur,
231 4520 279 4589 (ci.
300 4522 358 4577 Mil.
378 4524 440 4591 934,
463 4522 545 4577 Poen.
564 4524 628 4593 913)
646 4538 706 4576 esse
725 4522 839 4577 formam
858 4521 1052 4578 deminutivum
1071 4531 1205 4597 apparet:
1233 4524 1269 4587 cf,

127 4612 228 4685 Funok,
249 4610 354 4667 Wolffl.
373 4612 448 4670 arch.
467 4612 518 4667 VH
531 4615 573 4684 23,
591 4610 695 4672 Pradel
710 4611 793 4669 Fleck
809 4611 848 4682 jb.
869 4612 912 4682 26,
925 4614 986 4670 501.
