3200 5217
202 1521 427 1607 ·=Quicumque
449 1529 481 1585 in
502 1526 589 1587 rebus
618 1531 747 1588 metricis
770 1530 915 1589 Plautinis
944 1498 1161 1609 perscrutandis
1182 1542 1298 1611 operam

154 1630 247 1710 dabit,
272 1640 304 1691 ut
326 1634 439 1692 hiatum
462 1633 560 1713 aliquo
581 1634 645 1693 loeo
662 1654 763 1693 versus
786 1644 913 1710 excuset,
936 1655 1002 1695 eum
1019 1639 1162 1717 respicere
1183 1655 1300 1695 necesse

153 1746 198 1796 est
220 1748 379 1818 numquam
401 1738 439 1797 ad
461 1739 573 1798 hiatum
598 1740 846 1819 comprobandum
868 1744 939 1800 satis
956 1761 1027 1815 esse,
1051 1740 1174 1801 traditos
1197 1761 1299 1801 versus

153 1862 329 1903 enumerare.
373 1846 540 1925 Numquam
563 1848 640 1905 euim
662 1846 725 1904 fieri
747 1849 864 1926 poterit,
887 1855 920 1905 ut
938 1847 995 1905 hac
1009 1850 1122 1906 ratione
1143 1868 1196 1927 pro
1220 1855 1298 1906 certo

153 1949 339 2009 confirmetur
379 1953 439 2008 iam
471 1972 489 2009 a
519 1951 624 2010 Plauto
666 1951 779 2009 hiatum
808 1951 907 2031 aliquo
939 1952 1005 2011 loco
1038 1951 1198 2011 admissum
1227 1972 1297 2027 esse,

149 2062 242 2133 atque
271 2055 345 2113 nihil
368 2075 433 2115 eum
463 2055 596 2131 efficere,-
626 2058 674 2135 qui
705 2057 780 2115 nihil
811 2059 868 2115 nisi
899 2055 1028 2133 traditos
1055 2077 1155 2117 versus
1184 2065 1299 2138 spectat

152 2167 241 2238 atque
274 2163 382 2220 maiore
424 2169 477 2219 aut
517 2164 628 2220 minore
661 2180 780 2220 numero
813 2162 1011 2242 exemplorum
1040 2162 1214 2222 traditorum
1242 2183 1296 2243 pro

145 2265 404 2342 ‘argumentatione
426 2268 527 2340 utitur,
550 2266 625 2325 libro
648 2268 710 2325 viri
727 2263 807 2324 docti
830 2249 1075 2326 Maurenbrecher
1096 2267 1214 2325 ‘Hiatus
1236 2265 1296 2325 und

143 2368 376 2447 ,Verschleifung
406 2372 449 2429 im
478 2369 557 2429 alten
583 2370 698 2429 Latcin'
730 2370 899 2429 ostenditur.
953 2371 1072 2431 Scilicet
1102 2374 1205 2450 negari
1227 2392 1296 2430 non

151 2474 250 2556 potest
268 2475 489 2535 fundamentum
512 2478 605 2535 omnis
619 2478 890 2552 argumentationis
913 2496 1015 2535 versus
1037 2480 1118 2557 ipsos
1139 2496 1210 2551 esse,
1243 2476 1296 2535 sed

142 2600 208 2660 ·qua
230 2584 342 2640 ratione
356 2575 480 2641 'fabulae
503 2581 659 2639 Plautinae
682 2580 767 2639 nobis
789 2588 923 2641 servatae
946 2584 1020 2656 sint,
1056 2585 1106 2661 qui
1127 2584 1213 2656 scit‚'
1228 2581 1296 2650 aliis

152 2688 246 2744 causis
268 2686 381 2744 hiatum
411 2705 549 2745 excusare
580 2684 709 2745 studebit
720 2681 752 2764 ¹).
807 2685 927 2760 Quare
950 2707 1016 2745 cum
1038 2690 1135 2745 animo
1158 2667 1296 2767 proposu-

131 2794 228 2865 erim,
251 2794 365 2851 utiam
388 2790 425 2853 ab
448 2793 511 2871 ipso
528 2799 614 2871 poeta
637 2790 802 2849 hiatum-in
815 2791 954 2850 secunda
977 2795 1035 2850 arsi
1058 2794 1216 2872 septenarii
1238 2800 1296 2851 tro-

149 2896 242 2955 chaici
278 2906 306 2956 ct
339 2892 371 2959 in
405 2906 509 2976 quarta
543 2900 602 2955 arsi
631 2900 737 2955 senarii
768 2896 887 2955 iambici
917 2899 1045 2976 itemque
1074 2899 1107 2955 in
1129 2905 1213 2967 sexta
1235 2900 1295 2955 arsi

149 3005 313 3083 septenarii
330 3004 469 3062 trochaici
490 3002 646 3061 admissum
669 3022 731 3061 esse
753 3000 946 3076 ostenderem,
969 3023 1016 3061 me
1032 3001 1294 3062 demonstraturum

148 3128 212 3169 esse
234 3129 317 3189 sporo
341 3110 395 3168 hos
417 3109 496 3169 locos
520 3128 620 3168 versus
643 3107 709 3165 aliis
732 3127 848 3187 quoque
877 3108 964 3167 rebus
995 3107 1105 3187 dignos
1134 3128 1211 3183 esse,
1243 3110 1292 3187 qui

147 3217 346 3295 inspiciantur.
570 3296 571 3299 Ἴ
614 3221 617 3225 ’
1136 3294 1138 3297 V

233 3338 349 3395 Primus
372 3331 632 3416 Kampmannus²)
655 3333 767 3392 hiatum
797 3335 829 3392 in
862 3343 965 3414 quarta
995 3337 1053 3393 arsi
1086 3337 1191 3394 senarii
1214 3343 1293 3413 recte

147 3442 287 3502 traditum
310 3450 373 3501 esse
389 3440 537 3500 contendit
547 3436 577 3519 ³).
623 3424 701 3498 'l'uru
717 3439 816 3499 Luchs
824 3437 848 3512 ⁴)
863 3458 964 3498 versus
982 3442 1138 3517 congessit,
1162 3441 1212 3518 qui
1226 3446 1293 3518 post

148 3549 266 3609 ¹verbum
288 3549 446 3611 iambicum
469 3556 519 3605 aut
541 3548 679 3605 creticum
701 3546 813 3604 hiatum
835 3544 994 3603 admissum
1017 3547 1056 3603 ‘in
1078 3543 1202 3603 diaeresi
1224 3551 1292 3604 ante

147 3656 278 3715 ultimam
300 3653 451 3735 dipodiatn
473 3647 634 3711 iambicam'
656 3650 808 3731 praebent,
831 3669 880 3709 eos
905 3669 1018 3730 quoque
1040 3668 1246 3724 enumerans„
1260 3651 1291 3707 in

236 3881 262 3950 l)
282 3878 317 3933 cf.
336 3879 457 3933 Leonem
472 3878 561 3931 Plaut.
581 3878 693 3931 Forsch.
714 3880 765 3931 308
785 3892 844 3945 squ.

136 3995 145 4025 t
235 3970 263 4035 2)
281 3955 403 4022 annotatt
429 3968 457 4021 in
476 3967 568 4021 Plauti
586 3964 739 4020 Rudentem
761 3964 772 4018 Ι
794 3981 853 4033 sqq.
874 3963 910 4018 ad
927 3964 1036 4033 prologi
1063 3969 1215 4033 vomunt,
1243 3964 1291 4031 qui

145 4058 191 4112 illo
210 4058 270 4112 loco
290 4057 421 4111 nonnulla
440 4056 564 4124 exempla
582 4056 674 4110 hiatus
691 4062 718 4110 et
747 4056 869 4125 syllabae
895 4054 1023 4122 ancipitis
1049 4054 1078 4107 in
1106 4059 1206 4121 quarta
1233 4053 1290 4107 arsi

144 4149 253 4202 inventa
272 4147 353 4202 affert
371 4154 454 4215 atque
474 4147 581 4200 omnino
600 4144 634 4199 de
653 4145 790 4199 nonnullis
804 4143 928 4198 versibus
947 4142 1041 4197 eadem
1060 4144 1168 4197 ratione
1186 4141 1291 4196 iudicat

144 4254 213 4292 enno
235 4241 310 4305 1830,
330 4244 413 4305 atque
432 4253 482 4304 ego
500 4237 529 4289 in
548 4237 599 4290 hoo
615 4235 746 4303 opusculo
766 4234 880 4288 iudico.v
1005 4237 1008 4240 '

137 4342 144 4349 ·
175 4329 176 4332 ’
232 4330 260 4397 3)
280 4327 435 4381 Sententias
464 4324 498 4379 de
523 4325 601 4379 hiatu
629 4340 647 4379 a
674 4325 740 4379 viris
769 4323 857 4377 doctis
885 4323 1009 4390 prolatas
1029 4323 1145 4377 contulit
1163 4322 1290 4375 Mauren-

146 4417 257 4472 brecher
275 4416 330 4471 l..l.
349 4420 365 4470 l
386 4431 445 4485 squ.
846 4420 861 4465 s
920 4456 923 4460 ,
1247 4420 1250 4424 ·

231 4508 260 4577 4)
280 4505 355 4561 Stud.
379 4505 535 4560 stud-122
555 4518 629 4571 squ..
734 4564 736 4568 ,
771 4533 776 4559 r
828 4565 830 4568 ¹
957 4554 959 4557 ,
1035 4549 1037 4552 ,
