3200 5217
731 428 749 491 3

158 601 256 665 uerbis
279 602 407 685 explicat
428 605 656 685 spectatoribus,
685 613 719 664 ut
740 624 841 664 omnes
869 612 1003 664 accurate
1025 606 1127 679 sciant,
1150 603 1217 683 quis
1238 624 1303 684 pro-

158 708 243 789 logus
266 714 304 771 sit
335 711 383 788 (ci.
411 714 500 770 etiarn
523 690 652 770 Leonem
674 710 771 771 Plaut.
796 709 917 773 Forsch.
944 713 1025 789 193).
1078 711 1189 787 Igitur,
1219 712 1244 767 si
1273 728 1304 767 re

159 836 229 877 vera
251 815 341 876 Fides
362 816 514 896 prologum
538 816 624 890 dixit,
656 816 693 875 ab
716 836 758 889 eo,
782 819 832 895 qui
855 836 896 874 vs.
922 818 938 874 5
963 836 1025 895 sqq.
1048 818 1179 889 inseruit,
1202 834 1304 874 versus

159 920 294 981 inductos
317 942 380 982 esse
403 930 471 981 ante
493 942 537 983 vs.
563 924 580 980 3
605 929 683 1000 puto.
739 918 823 993 Quae
845 924 870 979 si
893 924 935 979 ita
957 929 1042 994 sunt,
1071 919 1143 999 quid
1171 919 1304 1000 impedit,

159 1030 313 1107 quominus
334 1029 376 1086 ita
399 1030 492 1087 oratio
515 1029 703 1107 processerit:
726 1026 823 1086 ‘fidem
845 1028 896 1107 qui
918 1026 1016 1085 facitis
1037 1028 1169 1085 maxumi
1195 1034 1224 1085 et
1249 1045 1303 1084 vos

160 1131 260 1195 Fides.
285 1152 339 1211 ego
363 1135 440 1192 enim
462 1153 526 1191 sum
548 1131 654 1191 Fides'.
1011 1134 1014 1138 ’

246 1236 311 1298 Oas.
337 1240 415 1297 549:
449 1243 575 1319 ‘propter
598 1257 715 1317 operam
747 1237 828 1296 illius
860 1235 974 1315 hirqui,
1010 1234 1136 1315 improbi
1165 1234 1303 1295 edentuli'

157 1342 207 1422 (A.
222 1343 278 1424 R).

247 1448 322 1508 Men.
345 1444 481 1530 479s80:
515 1451 557 1508 ait
587 1448 665 1507 htnc
695 1446 811 1507 dedisse
836 1466 884 1507 me
905 1445 971 1521 sibi,
1005 1454 1093 1526 atque
1126 1466 1190 1507 eam
1212 1443 1304 1506 meae’

158 1554 207 1633 (A.
225 1552 281 1635 R).

245 1659 324 1718 Men.
349 1660 428 1719 558:
459 1662 500 1718 ‘ut
515 1660 595 1735 haec,
628 1678 702 1738 quae
724 1657 802 1717 bona
824 1655 897 1716 dant
918 1656 950 1715 dl
972 1656 1053 1730 mihi,
1082 1676 1120 1716 ex
1141 1676 1188 1717 me
1210 1658 1305 1717 sciat’.

245 1764 323 1823 Men.
360 1767 453 1823 601²:
496 1768 590 1843 ‘quam
621 1763 709 1823 hodie
740 1765 824 1821 uxori
857 1762 964 1822 abstuli
993 1771 1081 1841 atque
1110 1762 1180 1821 huic
1213 1762 1304 1822 detuli

158 1869 285 1928 Erotio':
318 1872 483 1929 octonarius
511 1869 661 1943 iambicus,
684 1868 735 1928 ubi
758 1867 876 1948 quidem
898 1868 973 1927 alter
1004 1868 1102 1927 hiatus
1128 1887 1189 1926 non
1217 1868 1303 1947 plane

158 1983 256 2034 certus
276 1982 343 2055 post
364 1975 468 2055 ‘quam'
482 1977 642 2051 invenitur,
666 1982 768 2033 contra
790 1974 888 2033 hiatus
909 1982 977 2054 post
999 1978 1017 2035 e
1039 1972 1122 2033 verbi
1146 1973 1251 2032 ‘hodie'
1272 1976 1303 2032 in

153 2077 235 2138 thesi
264 2086 369 2139 extans
396 2078 545 2155 legitimus
572 2086 632 2154 est3
666 2077 718 2137 sed
753 2076 950 2156 quaerendum
984 2085 1043 2152 est,
1075 2097 1146 2135 num
1179 2076 1303 2136 fortasse

113 2163 116 2168 .
157 2204 259 2244 versus
282 2186 321 2243 sit
343 2187 524 2264 septenarius
546 2183 718 2243 trochaicus.

245 2290 323 2351 Men.
359 2292 456 2351 1038:
486 2289 612 2351 ‘Salvom
643 2289 698 2349 tihi
720 2292 764 2347 ita
785 2296 818 2347 ut
840 2288 911 2347 mihi
933 2286 1056 2362 dedisti,
1088 2287 1220 2348 reddibo.
1254 2288 1303 2346 hio

157 2414 205 2456 me
227 2394 327 2457 mane'.

245 2502 333 2561 Merc.
359 2504 429 2560 412.
484 2501 599 2561 ‘Hercle
623 2502 671 2580 qui
700 2508 733 2560 tu
755 2508 833 2560 recte
854 2499 945 2576 dicis,
976 2510 1006 2561 et
1036 2502 1092 2561 tibi
1126 2500 1302 2577 adsentior'3

158 2587 209 2667 ubi
232 2606 350 2687 quidem
371 2610 403 2664 in
418 2606 446 2665 A
461 2614 528 2666 ante
543 2605 707 2667 ‘adsentior'
730 2615 861 2685 extat-m,
878 2626 967 2686 quare
981 2608 1113 2667 Ritsohel
1127 2602 1302 2691 (equidem)

159 2712 316 2775 adsentior’
339 2712 493 2793 supplevit.

246 2820 329 2877 490:
353 2818 451 2877 ‘Tanti
474 2819 576 2897 quanti
591 2818 694 2899 poscit,
717 2820 768 2876 vin
790 2820 866 2876 tanti
892 2817 974 2876 illam
996 2817 1076 2877 emi?
1112 2817 1302 2893 Auctarium,

157 2922 209 2983 ubi
230 2943 354 3004 persona
375 2931 511 2983 mutatur.
815 2987 816 2991 ,

245 3030 336 3089 Poen·
360 3031 431 3089 454.
477 3029 641 3108 ‘propitiam
664 3028 809 3088 Venerem
830 3029 926 3088 facere
947 3031 991 3088 uti
1013 3035 1089 3089 'esset
1111 3030 1200 3089 mihi'.

245 3134 321 3194 Rud.
357 3138 374 3191 7
410 3136 494 3193 ‘inter
527 3134 659 3192 mortalis
691 3134 808 3193 ambulo
850 3133 1009 3193 interdius'.
1064 3154 1151 3213 quem
1183 3134 1301 3214 quidem

158 3260 275 3301 versum
298 3241 430 3299 Marxius
452 3238 525 3319 (ind.
549 3238 613 3298 lect.
638 3238 790 3319 Gryphius
816 3236 948 3321 189213)
970 3242 1002 3298 in
1035 3243 1228 3319 suspicionem
1250 3260 1301 3299 vo-

158 3348 245 3421 cavit,
268 3344 317 3405 sed
341 3346 443 3405 dubito
470 3366 507 3405 an
529 3366 588 3404 non
610 3352 696 3404 recte.

246 3450 344 3511 Vidul
368 3451 440 3509 XII.
486 3450 594 3511 ‘Juban
621 3451 699 3509 hunc
729 3452 806 3510 insui
839 3452 870 3509 in
903 3451 996 3511 culleo
1029 3452 1118 3531 atque
1150 3454 1180 3510 in
1211 3452 1302 3511 altum

159 3556 305 3637 deportari
321 3602 417 3615 .....
420 3555 427 3581 ’
462 3554 632 3637 (secundum
655 3553 806 3636 Leonem).

245 3662 312 3723 Uno
344 3662 409 3720 loco
436 3661 556 3720 verbum
588 3663 618 3719 in
651 3661 783 3719 vocalem
810 3659 927 3719 brevem
956 3664 1057 3720 exiens
1080 3669 1148 3719 ante
1169 3661 1302 3720 ultimam

158 3766 310 3848 dipodiam
331 3770 375 3825 ite
397 3766 569 3826 collocatum
593 3774 645 3841 est,
677 3775 710 3825 ut
739 3765 830 3825 verbo
860 3766 994 3825 avocali
1017 3767 1170 3845 incipienti
1191 3768 1301 3846 exeipi-

158 3880 238 3933 atur:
260 3872 315 3952 Ep.
341 3874 410 3932 653.

246 3976 308 4037 ‘tibi
331 3976 448 4057 quidem
472 3975 549 4057 quod
572 3996 652 4051 ames
673 3976 752 4035 domi
774 3977 925 4057 prrlestost,
948 3974 1082 4050 fidicina,
1105 3976 1194 4056 opera
1215 3976 1302 4053 met'3

136 4083 207 4163 faed
231 4083 266 4143 cf.
289 4083 398 4143 Leonis
420 4081 516 4141 adnot.

244 4190 291 4249 De
313 4188 463 4268 exemplis,
496 4208 571 4269 quae
593 4188 712 4249 verbum
736 4189 766 4246 in
790 4208 832 4246 ·m
856 4190 955 4247 exiens
976 4185 1126 4267 praebent,
1158 4186 1194 4246 cf.
1217 4187 1301 4246 infra.

243 4294 317 4357 Cum
348 4297 380 4352 in
411 4297 526 4354 senario
558 4295 640 4353 nullo
673 4293 732 4352 alio
764 4292 829 4352 loco
860 4295 916 4351 nisi
945 4296 976 4351 in
999 4301 1103 4372 quarta
1125 4295 1183 4352 arsi
1203 4293 1303 4351 hiatus

154 4404 200 4461 ita
222 4399 348 4460 traditus
371 4401 419 4474 sit,
441 4408 474 4459 ut
496 4398 611 4480 syllaba
633 4402 665 4459 in
686 4398 819 4459 vocalem
841 4400 943 4458 exiens
964 4397 1077 4458 duabus
1098 4397 1222 4478 syllabis
1239 4397 1302 4457 bre-

156 4506 243 4567 vibus
266 4505 428 4585 excipiatur
450 4504 534 4587 (Oist.
561 4508 620 4565 162
645 4514 675 4565 et
697 4505 783 4563 Most.
812 4505 873 4563 675
898 4506 984 4580 enim,
1008 4524 1080 4583 quos
1102 4504 1194 4562 Klotz
1210 4503 1302 4578 affert,

177 4638 180 4644 .
1058 4606 1103 4666 1*
