3200 5217
860 463 900 529 34

399 632 479 699 Μιιιζ
501 625 562 698 762
588 640 739 720 ‘quidnam
762 630 879 699 hoc'sit
900 643 999 719 negoti
1029 641 1107 721 quod
1126 634 1191 699 ‘filia
1208 632 1261 699 'sic'
1283 638 1344 699 Leo
1366 637 1456 698 dime-

311 753 388 803 trum
411 744 597 804 bacchiacum
620 754 651 817 -ι-
672 746 756 804 colon
779 747 951 805 Reiaianum
976 746 1054 822 legit.
1093 746 1177 821 Quae
1199 748 1223 805 si
1246 748 1289 804 ita
1310 753 1385 817 aunt,
1402 744 1458 802 sor-

308 857 385 908 tasse
408 848 592 908 statuendum
615 859 660 909 est
676 851 815 909 Plautum
838 852 901 909 colo
917 852 1058 910 Reiaiano
1074 872 1139 909 cum
1154 850 1288 910 baccheia
1303 853 1456 908 coniuncto

310 953 428 1016 easdem
450 955 584 1014 licentias
607 955 759 1015 admisisse
774 964 863 1036 atquc
885 956 1029 1030 baccheia,
1053 960 1129 1015 sicut
1144 956 1266 1016 alteram
1288 956 1386 1014 thesin
1401 956 1459 1013 ooli

311 1080 379 1121 cnm
400 1060 536 1119 haccheis
560 1064 706 1120 coniuncti
729 1062 853 1121 solutam
877 1061 979 1121 eadem
1002 1065 1115 1121 ratione
1138 1069 1225 1142 atque
1246 1064 1277 1120 in
1292 1047 1459 1139 anapaestis

310 1170 341 1224 in
358 1164 414 1225 duo
428 1165 517 1226 verba
528 1164 677 1245 dispertiri
689 1170 789 1226 vetuit.
811 1166 861 1243 (cf.
876 1168 1004 1226 Leonem
1020 1176 1095 1226 cant.
1108 1170 1170 1242 59.)
1193 1166 1291 1241 Quam
1305 1185 1459 1243 argumen-

309 1274 449 1331 tationem
470 1271 558 1349 plane
580 1260 720 1331 incertam
743 1292 806 1331 csse
827 1264 950 1332 libenter
972 1268 1106 1332 concedo.

398 1375 458 1436 Sed
480 1377 514 1435 ‘a'
537 1379 710 1437 nominativi
734 1378 891 1455 singularis
914 1381 1061 1436 nominum
1083 1380 1264 1457 propriorum
1279 1361 1460 1436 Graecorum

307 1480 432 1561 longam
455 1472 542 1542 fuisse
557 1483 685 1541 multi
657 1485 714 1541 vrri
729 1482 812 1541 docti
827 1481 1038 1542 contenderunt
1026 1479 1081 1562 ιι),
1097 1483 1201 1562 quibus
1213 1474 1364 1559 Wedding
1379 1482 1459 1560 (pag

317 1587 641 1667 19)0b10qu1tur1ure‚
657 1597 689 1647 ut
705 1592 817 1667 opinor
834 1592 902 1668 quia
917 1589 1053 1679 exempla
1074 1588 1163 1648 allata
1185 1586 1224 1646 ad
1246 1606 1307 1648 rem
1330 1595 1460 1685 'compro-

311 1692 440 1751 bandam
462 1713 520 1751 non
543 1691 699 1752 sufficiunt.
735 1694 819 1752 Nam
842 1696 953 1753 extat
944 1715 976 1752 ιιι
999 1702 1103 1773 quarta
1125 1696 1198 1752 arsi:

399 1798 506 1878 Amph
531 1800 593 1858 438
618 1796 701 1872 ‘Quis
724 1818 779 1876 ego
802 1819 866 1858 sum
887 1800 999 1872 saltem
1023 1802 1047 1857 si
1070 1811 1129 1857 non
1151 1819 1216 1858 sum
1218 1787 1375 1859 sosia?
1364 1794 1424 1856 ιι
1415 1817 1460 1860 ιιι,-

311 1902 442 1980 terrogo.'
477 1902 535 1977 Qui
549 1910 635 1982 putat
648 1911 715 1982 post
738 1902 882 1962 diaeresin
903 1903 1043 1961 trochaici
1067 1900 1221 1982 septenarii
1240 1890 1380 1961 Plautui'n
1402 1904 1459 1960 cis-

310 2006 376 2068 dem
399 2008 526 2068 licentiis
548 2028 631 2067 usum
655 2028 717 2068 esse
746 2017 833 2088 atque
862 2010 945 2067 initio
975 2028 1086 2084 versus,
1100 2005 1202 2068 ‘Sd'sia
1230 1998 1459 2085 tedinterrogo'

309 2112 458 2172 dimetiri
460 2133 498 2192 po
500 2120 563 2173 test.
584 2114 660 2172 439
685 2113 812 2193 quidem,
842 2114 892 2173 uhi
915 2113 975 2172 ‘nbi
999 2134 1052 2191 ego
1076 2114 1159 2173 Sosia
1181 2107 1272 2172 nolim
1293 2113 1460 2173 ιιιι..’...’

209 2266 210 2269 ,
309 2224 425 2280 extat‘
427 2220 452 2276 a
474 2220 601 2278 nominis
623 2220 724 2280 ‘Sosia'
747 2219 928 2298 productum
961 2216 1027 2279 mea
1050 2217 1165 2299 quidem
1188 2222 1331 2325 sententia
1353 2220 1461 2277 mutari

311 2344 383 2407 opus
406 2321 494 2403 est2)
994 2332 999 2337 “

308 2454 312 2461 ·
400 2429 492 2488 Plane
522 2432 573 2502 eis
606 2448 682 2508 quae
713 2428 864 2506 Wedding
895 2428 972 2508 (pag.
998 2429 1051 2507 20)
1083 2427 1121 2488 de
1149 2430 1285 2486 vocativo
1316 2426 1460 2503 singulari

309 2537 461 2595 nominum
483 2537 650 2615 propiorum
667 2534 845 2595 Graecorum
861 2533 942 2608 dicit,
958 2526 1108 2595 assentior.
1141 2534 1177 2595 cf.
1194 2532 1327 2611 Lindsay
1344 2547 1461 2612 quoque

310 2640 395 2721 Oapt.
419 2644 485 2699 intr.
508 2660 574 2719 pag.
600 2644 639 2699 18
664 2646 678 2712 §
702 2642 732 2701 ἴ).

394 2745 507 2805 Eodem
536 2744 622 2805 modo
645 2766 702 2826 quo
724 2744 761 2804 do
783 2746 817 2803 ‘a'
840 2767 915 2805 nom.
938 2766 980 2824 sg.
1004 2748 1116 2824 primae
1139 2745 1352 2822 declinationis,
1376 2742 1414 2802 de
1438 2764 1458 2800 a
1488 2731 1493 2743 ’

309 2872 387 2914 nom.
409 2860 439 2911 et
461 2872 519 2911 acc.
543 2851 582 2929 pl.
614 2854 745 2910 neutrius
776 2850 920 2910 secundae
951 2851 1154 2910 declinationis
1184 2848 1375 2909 iudicandum
1405 2857 1459 2922 cat,

307 2978 403 3039 neque
425 2956 531 3015 desunt
553 2957 697 3035 exempla,
719 2976 795 3036 quae
818 2978 836 3013 a
858 2949 1031 3036 productum
1053 2949 1219 3034 praebeant.

396 3082 478 3140 Asin
504 3083 564 3140 199
596 3080 710 3141 ‘Cetera
742 3100 819 3159 quac
841 3080 975 3138 volumus
998 3082 1040 3138 uti
1063 3078 1179 3139 Graeca
1201 3059 1364 3182 mercamur
1392 3070 1460 3136 lide’

310 3178 493 3247 insecundo
515 3189 580 3245 arsi.
1429 3189 1431 3197 '

396 3293 432 3350 In
457 3300 561 3371 quarta
583 3293 641 3350 arsi
665 3299 823 3370 apparent.

397 3396 504 3456 Pseud
530 3400 591 3455 563
616 3396 664 3475 (Α,
678 3396 725 3475 P)
745 3398 804 3455 ‘Me
818 3395 928 3455 idcirco
943 3395 1014 3455 haec
1030 3370 1113 3454 tanta
1130 3394 1259 3453 facinora
1274 3392 1460 3473 promittere.

395 3503 471 3561 Men
497 3504 589 3561 90οι
592 3522 667 3581 quae
699 3522 746 3561 me
776 3502 852 3561 olam
881 3511 961 3560 ratus
993 3522 1055 3559 sum
1078 3500 1182 3574 facere
1213 3520 1247 3559 ea
1270 3500 1368 3558 omnia
1389 3498 1462 3559 lecit

309 3608 424 3690 palam',
449 3607 486 3666 ad
510 3626 596 3686 quem
619 3628 734 3667 versum
757 3610 817 3665 iam
840 3606 990 3668 Vahlenus
1013 3607 1149 3685 (Hermes
1175 3609 1223 3679 17,
1250 3605 1324 3683 606)
1352 3613 1462 3678 monet,

310 3734 346 3775 ιιι
369 3715 553 3791 transpositis
572 3712 721 3772 vocabulis
744 3713 842 3772 brevis
864 3712 980 3792 syllaba
1002 3720 1196 3773 removeatur.

395 3818 457 3919 Mil
485 3822 566 3877 1314
590 3817 678 3893 ‘Quid
702 3818 770 3917 vis?
804 3815 884 3915 Quin
906 3826 938 3876 tu
960 3817 1042 3876 iubes
1064 3817 1166 3875 ecferri
1190 3817 1287 3876 omnia
1308 3819 1458 3922 quae'isti

384 4014 408 4082 )
384 4012 502 4066 velut
521 4028 592 4066 nunc
604 4012 730 4081 Hopkius
750 4013 767 4065 l.
780 4029 802 4065 c.
806 4011 953 4081 ,Lindsay
971 4011 1021 4066 lat
1034 4019 1145 4079 gramm
1160 4016 1257 4066 427-
1274 4011 1323 4066 scd
1340 4011 1382 4066 cf.
1390 4002 1462 4095 eiua

306 4092 370 4156 'dem
390 4101 467 4169 Capt
487 4102 551 4156 intr.
574 4106 607 4155 18
626 4103 740 4171 §5—‚
762 4103 884 4155 Sommer
904 4105 964 4169 362,
984 4101 1217 4154 Maurenbreoher
1235 4104 1296 4155 203.

381 4191 518 4259 2.)Μιιιι
540 4192 692 4259 exempla‘
694 4191 718 4245 a’
738 4192 814 4258 longi
832 4191 977 4245 verborum
997 4191 1163 4245 Graecorum
1183 4189 1276 4245 affert:
1295 4191 1396 4245 Bacch.
1407 4195 1460 4245 893

311 4281 444 4335 ‘Minerva
462 4281 516 4333 Lat
505 4286 572 4335 tona
585 4280 733 4348 Spesetc.
702 4280 838 4348 c‚quaai
857 4280 982 4335 ‘Latona’
1001 4297 1100 4335 nomen
1119 4282 1253 4335 Graecum
1273 4282 1316 4346 ait,
1336 4297 1400 4335 nam
1417 4298 1461 4334 ar·

306 4371 348 4426 bit
336 4370 424 4426 traria
443 4376 514 4437 sunt,
535 4385 605 4437 quae
624 4369 730 4425 Jordan
750 4370 827 4437 (krit.
846 4370 926 4424 beitr.
947 4356 989 4424 23
996 4372 1068 4438 squ)
1088 4370 1253 4439 suspicatur,
1211 4377 1298 4425 uret
1314 4371 1364 4424 Mil
1391 4374 1461 4425 1065

304 4460 399 4514 ‘habet
417 4463 506 4514 Aetna
532 4476 586 4513 non
613 4476 700 4527 aeque
728 4460 769 4514 alt
758 4459 809 4513 tos
835 4476 850 4513 e
878 4476 960 4515 versu
977 4466 1099 4529 corrupt
1088 4462 1141 4515 tol
1158 4458 1230 4515 trad.
1256 4465 1357 4562 ‘Aetna
1382 4478 1461 4517 mons

306 4567 360 4605 uon
379 4565 466 4617 aeque
485 4548 572 4604 altos'.
