3200 5217
756 434 893 498 'no

302 630 389 692 quarn
426 630 441 671 e
473 610 586 672 Catone
608 610 810 688 Quintilianus
832 616 899 674 inst.
923 635 961 674 or.
985 614 1032 675 IX
1050 617 1077 675 4.
1095 617 1134 676 39
1158 615 1255 692 affert,
1286 634 1323 676 ex
1353 635 1449 677 exem·

301 717 359 797 plis
382 720 413 776 in
436 717 552 779 arsihus
573 738 674 779 versus
696 719 859 781 hexametri
881 723 1009 781 inventis
1025 720 1281 803 (Maurenbrecher
1302 721 1364 785 ihd.
1380 742 1448 802 pag.

302 826 342 882 24
367 831 396 884 et
413 825 466 902 58)
489 824 624 884 concludi
646 834 746 905 potest
768 828 829 886 ullo
853 836 982 907 ternpore
1002 831 1033 886 in
1056 829 1158 907 lingua
1174 830 1282 888 Latina
1304 828 1451 909 syllabam

300 932 331 988 in
352 930 468 990 brevem
486 931 618 991 vocalem
641 940 670 991 et
690 933 735 991 ‘nr'
755 941 910 993 exeuntem
925 935 1041 1011 longam
1057 935 1156 1009 fuisse,
1172 937 1228 993 nisi
1246 943 1451 1013 argumentum

301 1055 364 1095 esse
394 1037 551 1113 arbitreriS,
574 1058 632 1117 qua
663 1042 776 1097 ratione
798 1039 1044 1099 Maurenhrecher
1066 1061 1132 1119 pag.
1158 1044 1197 1100 68
1230 1061 1292 1121 squ.
1314 1061 1450 1100 numeros

302 1142 475 1221 comparat?
528 1144 593 1220 Ego
625 1143 737 1203 hiatum
765 1148 798 1202 in
830 1167 872 1203 -m
907 1148 950 1203 ita
981 1146 1125 1225 explicem
1157 1146 1186 1206 J.
1212 1145 1368 1205 Schmidtii
1389 1146 1449 1205 dis·

301 1251 481 1327 putationem
513 1248 618 1327 (vocal.
642 1250 665 1307 1.
694 1252 732 1309 98
765 1251 844 1330 sqq.)
876 1251 1084 1331 complectens:
1113 1247 1151 1311 In
1180 1252 1282 1329 lingua
1309 1253 1450 1312 Avestica

290 1361 330 1413 'et
362 1362 460 1414 vetere
489 1354 734 1414 Franco-Gallica
768 1377 810 1415 -m
840 1357 971 1416 vocalem
1005 1356 1223 1417 antecedentem
1256 1357 1350 1416 nasali
1379 1378 1449 1417 sono

300 1462 455 1520 instruxit:
479 1460 515 1518 cf.
539 1460 680 1534 Jackson,
704 1462 816 1521 Avesta
840 1460 997 1521 Grammar
1028 1484 1094 1542 pag.
1121 1467 1169 1538 13,
1199 1463 1448 1543 Meyer-Luebke,

301 1586 419 1644 gramm.
442 1565 494 1625 der
528 1586 596 1625 rom.
630 1568 777 1645 sprachen
795 1569 819 1629 I.
846 1571 907 1627 309
932 1590 993 1647 squ.
1049 1568 1157 1629 Postea
1191 1578 1289 1629 autem
1317 1568 1450 1628 vocalem

300 1670 428 1731 nasalem
452 1680 481 1730 et
503 1692 532 1729 m
555 1674 585 1730 in
608 1693 695 1731 unam
719 1674 849 1732 nasalem
872 1674 1004 1733 vocalem
1028 1674 1200 1734 confluxisse
1218 1674 1345 1735 ostendit
1367 1675 1449 1733 velut

303 1780 447 1856 scriptura
477 1776 623 1837 defectiva
651 1782 682 1837 in
706 1778 819 1838 Avesta
846 1789 964 1859 praeter
991 1784 1182 1860 scripturam,
1214 1802 1290 1860 quae
1319 1780 1449 1840 nasalem

301 1884 431 1941 vocalem
455 1891 484 1942 et
506 1904 547 1941 ·m
570 1883 707 1957 ostendit,
731 1893 853 1944 extans:
877 1886 958 1944 velut
979 1904 1022 1966 5³4
1045 1890 1128 1945 iuxta
1150 1905 1214 1967 yan
1237 1896 1289 1945 etc.
1335 1885 1449 1945 Eadem
1479 1891 1483 1899 '

301 1990 414 2047 ratione
437 1991 467 2046 in
489 1989 591 2067 lingua
613 1990 722 2047 Latina
744 1992 867 2068 primurn
902 1991 1010 2049 nasalis
1034 2011 1121 2050 sonus
1144 1995 1331 2051 consonantis
1353 2014 1395 2050 -m
1417 1995 1449 2050 in

300 2094 434 2153 vocalem
456 2103 641 2172 praeeuntem
673 2096 830 2154 translatus
853 2105 912 2170 est,
942 2095 1048 2155 deinde
1077 2098 1186 2156 nasalis
1213 2098 1324 2157 vocalis
1347 2105 1377 2157 et
1399 2119 1448 2156 na-

302 2199 371 2258 13111
394 2199 514 2258 verbum
538 2200 642 2259 finiens
665 2204 697 2259 in
718 2201 850 2260 vocalem
872 2202 1001 2261 nasalem
1024 2203 1200 2263 coaluerunt.
1252 2203 1350 2278 Quare
1383 2206 1451 2282 quia

301 2325 354 2385 per
375 2304 494 2383 longum
518 2308 657 2384 temporis
680 2309 806 2385 spatium
829 2328 889 2365 non
911 2316 989 2366 certe
1011 2307 1127 2367 decerni
1150 2316 1274 2387 poterat,
1301 2317 1397 2367 utrum
1419 2313 1451 2367 in

302 2410 430 2470 nasalem
453 2410 585 2471 vocalem
608 2431 645 2469 an
668 2414 699 2469 in
722 2412 853 2471 nasalem
875 2413 1009 2472 vocalem
1037 2421 1067 2472 et
1089 2435 1131 2472 ·m
1154 2413 1274 2473 verbum
1297 2412 1449 2487 desineret,

302 2525 331 2576 et
352 2517 435 2577 elisio
458 2525 488 2577 et
508 2516 606 2575 hiatus
629 2516 773 2577 admissus
796 2527 855 2594 est,
888 2539 963 2597 quae
995 2518 1110 2578 diversa
1141 2522 1216 2578 ratio
1238 2518 1450 2598 pronuntiandi

302 2626 332 2681 in
364 2626 433 2682 viva
455 2625 691 2702 pronuntiatione
722 2632 835 2683 retenta
865 2634 926 2685 est:
962 2624 996 2683 ci.
1027 2626 1154 2684 Leonem
1185 2624 1289 2683 iorsch.
1326 2628 1387 2684 302
1422 2634 1452 2685 et

302 2728 517 2788 Kirchhoffium
545 2728 563 2786 l.
580 2748 605 2787 c.
630 2732 647 2787 7
671 2751 742 2810 sqq,
767 2733 871 2810 quiin
902 2733 972 2788 viva
994 2733 1232 2809 pronuntiatione
1255 2752 1296 2788 -111
1322 2731 1451 2809 aliquam

302 2836 361 2893 vim
386 2842 453 2895 ante
475 2833 592 2894 vocales
614 2838 767 2895 retinuisse
792 2836 967 2916 comprobat.
1022 2837 1089 2896 Scil.
1123 2844 1190 2895 ante
1219 2857 1375 2895 consonam
1398 2858 1451 2895 na·

303 2940 373 3000 salis
395 2940 508 3000 vocalis
531 2949 560 3001 et
581 2942 692 2999 nasalis
714 2962 876 3001 consonans
899 2950 1009 3016 extant,
1027 2940 1074 3023 (cf.
1091 2943 1220 3001 Leonem
1234 2941 1316 3021 ibd.),
1334 2943 1448 3001 conclu-

303 3046 430 3106 dendum
453 3050 544 3126 igitur
567 3057 611 3106 est
632 3050 756 3126 primum
787 3056 855 3107 ante
885 3048 1017 3107 vocalem
1046 3048 1174 3107 nasalem
1201 3048 1334 3107 vocalem
1357 3057 1387 3107 et
1409 3070 1449 3106 -m

302 3155 333 3211 in
366 3173 454 3211 unam
482 3153 611 3212 nasalem
644 3153 772 3212 litteram
795 3153 979 3213 confluxisse.
1037 3153 1124 3227 Quod
1148 3153 1279 3212 Sommer
1310 3154 1372 3231 (lat.
1406 3174 1448 3230 gr.

305 3262 365 3317 322
389 3259 444 3338 sp.)
467 3258 548 3333 dicit,
571 3258 642 3316 mihi
665 3280 723 3317 non
745 3257 911 3339 persuadet.
935 3258 981 3337 (cf.
1005 3258 1191 3318 Skutschium
1210 3279 1326 3339 quoque
1341 3260 1448 3318 Vollm.

297 3364 340 3441 jb.
356 3364 408 3423 IV.
426 3364 490 3444 83.)
543 3360 769 3443 Exemplorum'
783 3374 895 3438 autem,
927 3384 1002 3444 quae
1035 3364 1278 3425 Maurenbrecher
1310 3385 1377 3444 pag.
1410 3369 1448 3423 56

302 3470 401 3544 affert,
423 3472 454 3528 in
476 3468 582 3549 quihus
604 3469 719 3549 syllaba
741 3472 773 3529 in
795 3491 837 3528 —m
859 3474 960 3529 exiens
990 3480 1057 3530 ante
1079 3470 1211 3529 vocalem
1241 3472 1319 3528 arsin
1342 3470 1449 3549 explet,

302 3574 350 3654 (cf.
373 3576 502 3634 Leonem
524 3575 627 3634 forsch.
652 3578 671 3634 4
695 3596 760 3635 cum
783 3575 880 3635 adnot.
902 3577 945 3656 3.)
967 3577 1040 3635 haec
1062 3574 1189 3663 secunda
1212 3583 1241 3634 et
1263 3584 1365 3655 quarta
1391 3578 1450 3633 3111

301 3690 491 3740 excusantur:

389 3787 413 3845 I.
436 3787 543 3867 Amph.
562 3791 623 3847 968
643 3787 874 3867 ‘Blepharonem
897 3795 931 3846 ut
952 3806 983 3846 re
1006 3786 1107 3845 divina
1128 3786 1207 3845 facta
1228 3805 1342 3846 mecum
1364 3807 1451 3866 pran-

302 3891 378 3950 deat'
403 3891 551 3973 (Loewius
575 3892 714 3953 Goetzius
737 3893 868 3952 scribunt
890 3896 949 3972 ‘qui
974 3913 1004 3951 re
1027 3892 1157 3970 divina').

389 3997 472 4078 Oapt.
494 4002 555 4058 862
580 3997 678 4079 ‘atque
701 4020 808 4077 agnum
831 3999 927 4059 afferri
950 4000 1099 4078 proprium
1119 4001 1266 4077 pinguem.
1289 3997 1374 4058 Gur?
1409 3998 1451 4058 Ut

303 4104 472 4164 sacrufices'.

389 4209 525 4289 Lindsay
548 4210 598 4289 (ad
620 4206 730 4293 locum)
755 4211 926 4289 ‘proprium'
949 4208 1106 4283 dimetitur,
1130 4208 1209 4289 quod
1231 4210 1319 4269 Mero.
1338 4212 1399 4268 338
1424 4217 1453 4268 et

302 4314 383 4372 'Prin
412 4319 493 4375 1130
525 4314 682 4393 legendum
714 4334 776 4375 esse
799 4315 957 4375 verisimile
988 4319 1034 4374 sit.
1072 4316 1160 4375 Mero.
1186 4318 1247 4374 338
1272 4323 1377 4389 autem,
1400 4314 1451 4373 ubi

303 4421 469 4499 ‘proprium'
485 4424 516 4480 in
533 4442 620 4480 versu
642 4420 799 4479 bacchiaco
823 4424 899 4479 inter
921 4429 1094 4499 anapaestos
1116 4420 1179 4497 (aut
1200 4419 1364 4498 trochaeos)
1393 4420 1453 4478 col-

302 4524 397 4586 locato
422 4535 522 4587 extare
544 4526 600 4587 sibi
623 4529 720 4599 sumit,
744 4529 911 4585 coniectura
933 4529 960 4585 ei
977 4547 1049 4605 opus
1071 4535 1123 4601 est,
1146 4534 1178 4585 ut
1200 4545 1300 4584 versus
1322 4525 1399 4583 hunc
1421 4528 1452 4582 in
