3200 5217
699 433 737 491 21

147 612 253 684 quarto
287 602 363 686 pede
385 604 468 686 (cist.
493 608 579 666 100·
601 607 690 668 ‘exiit
713 606 770 667 hic.
794 606 951 667 cdncilium
979 604 1043 666 fuit'
1070 608 1102 665 in
1135 608 1302 687 anapaestis

144 712 179 768 in
200 708 260 771 fine
281 712 405 791 versus),
435 711 541 771 Pseud.
568 715 672 772 1218·
703 712 742 772 ‘id
772 711 829 771 11111
861 714 968 772 naenia
999 712 1077 772 ludo'
1110 715 1142 771 in
1171 712 1301 773 clausula

143 818 332 896 anapaestica
355 817 401 896 (cf.
423 818 552 877 Leonem
584 822 697 879 cantica
720 821 770 895 43,
792 817 946 896 Wedding
967 819 1000 877 B.
1016 819 1049 877 Β.
1068 822 1118 901 27,
1143 819 1210 897 11),
1233 839 1300 878 5515

141 920 206 983 ‘tui'
229 922 312 1003 Capt.
339 924 410 999 555,
434 922 499 983 Cas.
525 926 604 983 910:

231 1028 388 1108 ‘Eloquere
419 1028 462 1089 At
502 1029 601 1109 pudet.
646 1030 726 1089 Num
759 1030 846 1089 radix
879 1018 961 1092 fiis?
1011 1029 1080 1088 Non
1108 1029 1172 1089 1511.
1218 1030 1298 1090 Num

142 1134 283 1193 cucumis'
306 1135 349 1213 (in
372 1138 521 1195 octonario
538 1136 628 1215 ergo),
651 1135 728 1195 Rud.
753 1138 834 1195 1389
860 1134 985 1215 ‘quando
1009 1154 1078 1212 ergo
1103 1154 1172 1213 erga
1195 1143 1226 1195 15
1246 1135 1296 1195 be-

143 1240 254 1317 nignus
276 1228 321 1301 fii
343 1248 432 1321 atque
455 1260 544 1321 opera
566 1241 647 1316 mea’,
668 1240 720 1300 ubi
743 1240 862 1320 quidem
884 1240 983 1299 hiatus
1000 1260 1058 1298 non
1082 1240 1230 1317 legitimus
1252 1259 1296 1299 re-

140 1354 257 1419 manet,
289 1348 375 1405 initio
410 1345 467 1405 coli
499 1346 618 1406 alterius
649 1349 808 1427 septenarii
838 1345 978 1405 trochaici
1008 1344 1126 1425 quidam
1157 1364 1297 1405 excusare

141 1454 239 1529 possit
261 1450 420 1511 secundum
443 1455 609 1531 opinionem
631 1473 697 1511 cum
720 1451 844 1511 aliorum
871 1447 934 1510 tum
956 1448 1185 1529 Skutschii¹)²).
1238 1450 1297 1511 Sed

139 1564 347 1637 praeterquam
380 1556 459 1638 quod
491 1558 552 1620 ‘lsai'
586 1560 617 1615 in
650 1556 746 1617 medio
777 1576 893 1637 quoque
922 1575 1009 1616 versu
1032 1560 1167 1637 usurpari
1189 1565 1296 1637 potest,

139 1681 200 1719 non
224 1662 396 1741 explicetur,
419 1666 444 1721 si
467 1662 542 1722 tales
564 1662 672 1721 formas
693 1644 778 1721 initio
800 1682 902 1722 versus
925 1660 1041 1720 admitti
1068 1661 1220 1736 concedas,
1244 1683 1296 1721 cur

141 1767 217 1826 ‘siet'
241 1775 295 1827 etc.
318 1776 386 1827 ante
410 1767 531 1828 alteram
554 1768 649 1827 thesin
672 1770 856 1844 inveniatur,
890 1767 968 1827 idern
990 1766 1028 1827 de
1057 1770 1141 1826 initio
1174 1768 1298 1827 alterius

140 1871 200 1930 coli
223 1876 332 1931 senarii
354 1872 467 1948 valeat,
500 1874 589 1933 ‘siem'
620 1882 717 1933 autem
739 1877 770 1933 in
792 1876 907 1933 senario
930 1881 997 1953 11551
1020 1893 1167 1933 5555515111
1192 1881 1296 1932 extans

139 1980 260 2037 omnino
282 1999 341 2038 non
363 1980 532 2060 explicetur.

231 2083 291 2144 Sed
319 2093 353 2143 ut
381 2082 419 2143 ad
442 2094 564 2144 metrum
586 2088 724 2145 creticum
747 2092 777 2144 et
799 2083 989 2144 bacchiaeum
1011 2083 1144 2158 redeam,
1178 2091 1295 2163 poetam

138 2189 287 2269 syllabam
310 2194 469 2271 ancipitem
501 2199 530 2250 et
562 2190 675 2250 hiatum
696 2194 728 2249 in
751 2211 871 2251 caesura
893 2193 1055 2250 tetrametri
1079 2192 1179 2249 cretici
1201 2189 1294 2248 admi-

138 2298 215 2354 sisse
237 2304 358 2355 oonstat.
382 2297 430 2376 (cf.
450 2297 577 2376 Spengel
594 2296 871 2374 reformvorschlttge
897 2298 967 2370 122,
986 2294 1141 2373 Wedding
1162 2295 1181 2353 l.
1198 2316 1221 2354 5.
1242 2295 1295 2373 24)

138 2401 267 2461 Ρ511515
289 2411 358 2462 5551
380 2402 523 2483 exempla,
548 2422 622 2482 quae
644 2401 711 2461 aliis
726 2402 800 2461 locis
816 2422 917 2461 versus
936 2404 1037 2461 cretici
1052 2404 1159 2461 inveni.
1178 2400 1295 2481 (omitto

138 2509 256 2582 iterum,
278 2528 353 2587 quae
376 2508 434 2567 alio
456 2508 544 2568 modo
568 2516 692 2568 tractata
714 2508 810 2588 sunt):
832 2508 888 2587 Ep.
908 2510 963 2567 511
995 2507 1128 2587 Epidico.
1160 2505 1296 2567 Perdidit

139 2632 195 2671 me.
229 2611 328 2686 Quis?
352 2612 731 2694 11151511151511511111111.’
766 2612 921 2672 dimetrum
932 2616 1071 2672 creticum
1091 2622 1120 2671 et
1139 2611 1294 2672 dimetrum

137 2717 300 2777 iambicum
322 2718 473 2779 dimetitur
494 2720 556 2779 Leo
580 2728 647 2779 cant
672 2722 710 2779 10
735 2719 870 2799 (persona
893 2718 1111 2798 5515515151).

229 2824 315 2883 Μ551.
335 2828 413 2885 328:
437 2825 605 2900 ι81555155
627 2824 729 2885 1511515
752 2845 807 2884 me.
835 2826 915 2899 Sino,
938 2823 1075 2899 55111155,
1098 2824 1177 2905 quod
1199 2828 1240 2883 mi
1262 2828 1295 2884 in

137 2950 229 2987 manu
252 2930 319 2989 est':
346 2928 469 2989 dimeter
492 2937 558 2989 eret.
582 2928 996 2990 511511515515111551151555.

229 3034 302 3096 Aul.
329 3038 389 3095 142
415 3036 471 3094 ‘Da
493 3036 565 3094 mihl
588 3036 705 3114 ciperem
729 3034 840 3094 amabo.
886 3034 989 3109 Tuast,
1012 3034 1095 3093 111515
1117 3036 1214 3114 atque'
1227 3083 1232 3094 .
1245 3081 1252 3097 .
1266 3082 1292 3094 ..

228 3141 291 3200 Leo
306 3140 424 3220 (forsch.
442 3137 517 3221 210)
531 3142 561 3215 ,5’
576 3139 735 3220 particulae
750 3139 1199 3219 ι15511555115151511555511155
1212 3144 1292 3199 ‘satis

139 3246 205 3305 etc'
235 3266 301 3304 cum
325 3248 496 3305 consonanti
519 3246 640 3305 verbum
671 3266 795 3325 sequens
817 3248 970 3324 incipienti
991 3245 1052 3305 fere
1073 3267 1217 3325 nusquam
1239 3267 1291 3326 po-

137 3354 277 3410 sitionem
311 3352 425 3411 efficere
457 3350 589 3411 ostendit.
653 3352 850 3430 Excipiuntur
882 3357 998 3431 praeter
1030 3351 1184 3409 nonnullos
1217 3351 1292 3410 alios

137 3458 217 3516 Men.
244 3460 305 3517 516
338 3463 392 3517 ‘res
422 3460 516 3535 magis
552 3458 699 3537 quaeritur
733 3478 820 3535 quam
852 3456 991 3515 clientum
1013 3454 1094 3515 fides’
1117 3458 1203 3514 Most.
1229 3459 1291 3516 702

138 3567 238 3642 ‘quam
261 3565 356 3641 magis
380 3565 476 3640 cogito
501 3583 565 3621 eum
586 3582 650 3621 meo
674 3563 787 3621 animo'.
841 3562 877 3620 In
900 3570 1023 3639 utroque
1046 3581 1134 3621 versu
1159 3569 1210 3620 551
1232 3562 1292 3641 syl-

136 3668 208 3727 laba
231 3688 339 3748 anceps
362 3676 407 3727 est
429 3676 481 3726 aut
502 3670 563 3726 vim
586 3670 771 3727 consonantis
795 3670 928 3727 exeuntis
956 3667 1038 3725 15555
1062 3686 1163 3725 versus
1186 3675 1291 3726 155151.
1372 3699 1376 3706 =

229 3772 337 3833 Omnia
359 3773 492 3854 exempla
513 3776 544 3831 in
567 3772 660 3832 altera
683 3776 739 3831 arsi
761 3774 848 3851 primi
873 3774 972 3831 cretici
995 3772 1140 3830 collocata
1162 3781 1237 3830 sunt.

227 3880 265 3937 In
287 3878 385 3938 media
408 3880 466 3937 arsi
487 3886 718 3937 tetrametrorum
740 3877 934 3936 baccheorum
958 3878 1070 3936 hiatum
1093 3885 1122 3936 51
1144 3877 1290 3957 syllabam

136 3987 298 4063 ancipitem
321 3983 438 4043 admitti
461 3984 511 4042 alii
542 3986 599 4042 viri
622 3982 702 4043 docti
725 3982 864 4043 dixerunt
885 3983 935 4062 (ci.
958 4003 1035 4042 nunc
1057 3980 1209 4060 Wedding
1231 3982 1290 4042 ibd.

139 4093 179 4149 13
204 4088 290 4170 squ),
313 4090 364 4148 alii
397 4096 576 4167 negaverunt
605 4088 653 4168 (51.
678 4087 807 4169 Spengel
835 4087 895 4147 ibd.
921 4090 981 4148 205
1007 4087 1084 4168 squ.)
1102 4134 1109 4148 .
1125 4134 1131 4147 .
1148 4134 1179 4148 ..
1202 4088 1290 4148 ‘satis'

231 4352 258 4421 1)
278 4352 380 4405 Satura
392 4350 526 4407 Viadriua
540 4354 590 4406 142
610 4367 670 4405 cum
689 4350 782 4405 adnot.
804 4355 836 4421 l;
858 4350 1016 4420 obloquitur
1029 4351 1086 4406 Leo
1108 4350 1209 4406 forsch.
1229 4352 1290 4407 242.

229 4441 258 4511 2)
278 4439 315 4495 cf.
333 4439 367 4495 de
385 4440 427 4495 fui
444 4441 545 4495 Miller
563 4442 714 4509 naahtrage
733 4443 768 4494 84
788 4439 851 4495 adn.
896 4441 1020 4511 Seyffert.
1039 4441 1113 4496 Berl.
1132 4442 1198 4509 phil.
1219 4442 1290 4495 noch

136 4534 217 4613 1898,
240 4532 309 4585 1557
327 4528 450 4603 Lindsay
469 4531 546 4599 05111.
565 4529 665 4585 introd.
685 4546 747 4599 pag.
770 4533 811 4599 18,
831 4529 867 4584 ad
887 4532 947 4585 555.
