3200 5217
871 472 888 527 6

310 646 414 708 elmius
436 647 560 728 scripsit,
583 643 636 705 sed
658 643 764 724 ‘atque'
782 642 952 703 adsensum
967 636 1141 721 satisestl).
1162 645 1232 702 item
1255 640 1306 701 ubi
1327 659 1454 721 persona

307 760 420 813 mutata
441 760 500 812 est:

271 931 273 935 Ι
397 857 505 937 Amph.
520 859 591 919 719.
607 860 716 915 ‘verum
727 875 787 914 non
798 861 842 914 est
853 873 942 934 puero
953 852 1086 930 gravida.
1102 852 1183 928 Quid
1193 851 1305 932 igitur?
1316 849 1453 911 Insania'.

397 962 482 1022 Asin.
506 965 577 1023 828.
612 960 687 1039 ‘Age
716 960 923 1021 decumbamus
952 962 1001 1034 sis,
1031 967 1123 1040 pater.
1156 960 1200 1019 Ut
1228 956 1363 1032 iusseris’,
1389 959 1455 1016 sive

309 1068 348 1128 ad
371 1069 491 1128 alteram
514 1070 718 1142 recensionem,
745 1069 809 1126 sive
831 1064 869 1125 ad
892 1084 1015 1125 scaenae
1044 1064 1183 1144 reliquias
1204 1062 1372 1126 referendus
1399 1070 1453 1123 est.

393 1176 450 1256 Ep.
475 1176 537 1234 485
562 1177 634 1234 ‘reor
655 1180 685 1233 et
705 1180 859 1252 peccatum
881 1171 1010 1247 largiter.
1045 1171 1139 1230 Immo
1160 1170 1235 1231 haec
1256 1170 1335 1230 east'.

394 1281 471 1340 Men.
497 1283 567 1339 846.
602 1281 693 1360 ‘prius
715 1298 804 1360 quam
826 1275 976 1337 turbarum
1000 1275 1070 1356 quid
1092 1276 1182 1336 faciat
1205 1276 1337 1356 amplius.
1363 1274 1454 1334 Enim

310 1384 433 1460 haereo‘,
460 1385 512 1445 ubi
543 1383 660 1466 quidem
691 1384 827 1464 ‘amplius
856 1385 932 1444 enim
965 1382 1079 1443 baereo'
1111 1382 1195 1442 hiatu
1227 1390 1295 1463 post
1327 1401 1369 1441 -m
1402 1380 1453 1441 ad·

308 1493 396 1550 misso
419 1490 541 1551 fortasse
563 1488 664 1550 eodem
686 1492 750 1550 iure
771 1486 832 1565 legi
854 1496 958 1567 potest.
1404 1556 1407 1563 ¹

396 1596 485 1657 Mero.
511 1599 582 1656 901.
617 1595 683 1657 ‘Dic
705 1598 813 1672 igitur,
846 1593 897 1653 ubi
928 1593 981 1653 illa
1003 1593 1070 1654 est?
1121 1593 1159 1652 In
1186 1596 1295 1653 nostris
1323 1591 1452 1653 aedibus.

308 1700 402 1762 Aedis
424 1700 548 1783 probas’.

395 1807 486 1869 Persa
508 1809 580 1868 482.
616 1804 695 1885 ‘quid
729 1804 818 1883 agis?
852 1802 955 1864 Credo.
992 1802 1081 1865 Unde
1117 1807 1181 1882 agis
1217 1812 1263 1880 te,
1299 1802 1455 1865 Dordals?

310 1911 405 1974 Credo
426 1912 498 1973 tibi’.
532 1912 569 1971 A.
582 1912 615 1971 P.

397 2018 486 2077 Poen.
513 2019 583 2077 722.
615 2014 695 2095 ‘quid
723 2017 748 2073 si
779 2018 907 2082 animus,
924 2031 987 2075 esse
1008 2035 1067 2074 non
1090 2014 1184 2091 sinit?
1216 2015 1291 2074 Esto
1313 2024 1346 2075 ut
1367 2014 1453 2076 sinit'.

396 2120 471 2183 Rud.
497 2124 558 2182 975
584 2121 675 2181 ‘Mare
690 2119 809 2200 quidem
832 2140 983 2180 commune
998 2128 1105 2180 certost
1127 2118 1268 2180 omnibus.
1291 2119 1453 2181 Adsentio'.

396 2227 549 2289 Accedunt
570 2227 648 2286 Men.
666 2228 728 2285 877
753 2227 813 2306 ‘qui
835 2245 881 2286 me
902 2228 934 2285 vi
955 2233 1072 2304 cogunt,
1093 2232 1127 2285 ut
1148 2224 1267 2285 validus
1290 2226 1454 2288 insaniam’.

397 2333 472 2393 Men.
499 2336 557 2392 841
585 2336 626 2391 ‘ut
647 2350 702 2409 ego
732 2330 776 2390 illi
800 2330 864 2410 (aut
887 2329 978 2405 ‘illio’)
1002 2330 1101 2390 oculos
1128 2350 1248 2391 exuram
1269 2330 1455 2411 lampadibus

311 2438 497 2500 ardentibus'.
527 2438 666 2497 Plautum
688 2438 764 2496 enim
792 2435 967 2497 vocabulum
998 2436 1128 2517 ‘lampas'
1150 2435 1310 2497 secundum
1331 2439 1455 2517 primam

311 2544 533 2605 declinationem
559 2544 677 2603 flexisse
701 2560 744 2617 eo,
769 2542 848 2621 quod
863 2540 1026 2622 Calliopius
1041 2542 1109 2602 Ter.
1126 2541 1181 2602 Ad.
1200 2545 1259 2603 907
1286 2542 1454 2622 ‘lampadas'

310 2648 443 2724 tradidit,
457 2668 516 2708 non
539 2646 752 2727 comprobatur,
774 2650 862 2706 immo
884 2646 1014 2727 ‘lampas'
1038 2646 1195 2707 seeundum
1218 2649 1342 2727 primam
1364 2646 1455 2708 decli·

310 2758 458 2815 nationem
485 2756 645 2813 recentiore
676 2751 791 2823 demum
822 2760 919 2813 aetate
948 2752 1076 2812 flectitur
1104 2750 1153 2830 (ci.
1176 2753 1260 2813 Neue
1281 2748 1401 2814 1³49?
1425 2761 1456 2813 et

309 2859 447 2940 Hopkins
469 2859 561 2919 Harv.
585 2857 666 2919 stud.
691 2858 746 2918 IX.
773 2861 812 2918 98
836 2858 920 2938 squ).

397 2964 502 3025 Pseud.
528 2966 588 3026 147
621 2966 724 3045 ‘neque
745 2962 952 3023 Alexandrina
981 2962 1099 3023 beluato
1121 2962 1241 3023 tonsilia
1262 2963 1401 3045 tappetia’
1423 2966 1454 3025 in

309 3070 434 3131 iambico
457 3072 615 3130 octonario.

396 3175 487 3235 Nullo
515 3178 593 3236 enim
623 3173 710 3234 modo
738 3174 802 3235 fieri
830 3181 936 3255 potest,
964 3182 998 3234 ut
1025 3178 1058 3233 in
1077 3175 1125 3234 his
1147 3175 1245 3235 verbis
1267 3183 1403 3236 accentus
1423 3179 1455 3237 in

309 3281 490 3363 paenultima
510 3290 644 3361 ponatur,
667 3288 701 3339 ut
723 3278 799 3339 duae
821 3280 953 3359 syllabae
975 3279 1095 3340 ultimae
1116 3283 1195 3339 arsin
1217 3281 1363 3361 expleant,
1380 3301 1455 3361 quae

224 3428 227 3433 ‹
312 3386 400 3449 elatio
414 3390 493 3446 omni
507 3389 574 3445 usui
589 3386 728 3445 Plautino
742 3388 774 3442 in
788 3385 895 3445 iambis
911 3393 940 3445 et
955 3386 1099 3446 trochaeis
1111 3385 1263 3446 observato
1279 3386 1454 3469 obloquitur.

311 3492 389 3553 Nom
411 3510 486 3574 quae
514 3491 649 3571 exempla
676 3490 769 3549 Klotz
799 3490 922 3568 (Metrih
954 3493 1016 3550 274
1039 3493 1115 3571 squ.)
1147 3491 1238 3565 affert,
1268 3501 1384 3572 praeter
1412 3512 1455 3566 ea,

311 3617 388 3679 quae
417 3600 450 3657 in
479 3600 573 3676 primo
603 3595 678 3676 pede
708 3599 816 3655 senarii
846 3604 876 3655 et
898 3600 1057 3675 septenarii
1086 3597 1206 3657 iambici
1228 3605 1279 3657 aut
1308 3600 1339 3656 in
1360 3600 1456 3678 primo

311 3702 386 3784 pede
417 3703 536 3762 alterius
567 3700 683 3761 dimidii
712 3702 832 3761 iambici
862 3704 1018 3781 septenarii
1049 3704 1246 3778 inveniuntur,
1274 3702 1336 3762 fere
1358 3705 1456 3763 omnia

312 3809 370 3869 alio
393 3806 481 3867 modo
503 3805 629 3885 legenda
651 3815 734 3881 sunt3
757 3806 839 3866 velut
869 3806 975 3867 Pseud.
1003 3810 1083 3867 1269
1109 3808 1249 3867 ‘hostibus
1270 3808 1389 3886 fugatis'
1411 3818 1456 3869 est

313 3912 531 3993 ithyphallicos,
557 3911 633 3970 Rud.
663 3914 725 3971 922
757 3911 917 3992 Seyffertus
947 3909 1011 3996 <id>
1041 3922 1108 3972 ants
1137 3913 1267 3993 ‘oportet'
1296 3916 1399 3974 inserit
1427 3922 1456 3973 et

314 4026 503 4099 anapaestum
534 4016 700 4093 dimetitur,
733 4016 770 4077 de
802 4017 910 4081 Pseud.
940 4020 1001 4078 148
1033 4018 1068 4077 ct.
1091 4019 1201 4078 Leonis
1228 4018 1455 4094 adnotationem,

313 4123 421 4185 Pseud.
435 4126 496 4184 218
509 4125 541 4182 in
552 4142 647 4197 versu,
660 4142 745 4204 quem
757 4142 845 4203 saepe
857 4122 1049 4185 dimetiuntur
1057 4113 1251 4205 septenarium
1263 4125 1455 4187 trochaicum:

311 4299 519 4313 m

405 4385 432 4455 1)
451 4384 586 4453 significat
615 4388 715 4453 ‘atque’
743 4386 795 4439 hoc
824 4386 885 4440 loco
911 4389 1003 4455 ‘atque
1022 4386 1147 4462 quidem,
1173 4392 1205 4441 ut
1232 4402 1315 4455 saepe
1333 4386 1365 4442 fit
1382 4388 1457 4457 apud

311 4476 456 4531 Plautum:
484 4477 558 4529 velut
577 4477 652 4531 Pers.
673 4479 742 4530 394:
762 4476 898 4548 jsescenti
925 4477 982 4544 logi
1008 4482 1091 4545 atquc
1110 4478 1197 4530 Attici
1220 4479 1329 4547 omnes’,
1357 4478 1455 4536 Pseud.

312 4569 373 4624 784.
402 4563 436 4620 cf.
456 4564 538 4622 Klotz
558 4566 691 4623 Thesaur.
711 4566 741 4621 It.
764 4570 842 4624 1050.
861 4566 878 4622 l.
898 4570 933 4624 36
952 4584 1011 4640 sqq.
