3200 5217
732 469 771 530 25

268 634 343 691 ‘nam
373 630 453 713 quod
487 652 545 692 non
579 650 633 711 ego
664 629 696 691 id
727 638 889 712 perpetrem
921 629 999 712 qudd
1031 628 1124 711 coepi'
1154 636 1182 690 et
1204 627 1328 687 fortasse

182 732 327 801 011651
353 742 412 799 ‘tua
425 738 533 798 ancilla
547 738 603 797 hoc
618 746 704 819 pacto
720 737 849 798 exordiri
872 737 976 818 coepit’
1005 740 1036 796 in
1058 736 1116 796 fine
1138 755 1240 795 versus
1262 734 1330 793 bac-

180 843 275 903 chiaci
306 853 336 905 et
359 844 431 906 Oist.
456 848 517 905 687
551 844 611 904 ‘sed
643 845 765 924 pergam
795 845 829 904 fit
857 845 940 923 coepi
972 844 1070 903 tamen
1094 841 1274 923 quaeritabo'
1296 842 1328 898 in

179 950 238 1010 fine
270 951 388 1011 alterius
419 953 503 1011 metri
525 952 613 1010 Merc.
639 952 699 1011 533
717 997 843 1011 ......
867 954 963 1031 ‘quom
992 968 1104 1009 mecum
1132 970 1193 1009 rem
1222 947 1327 1027 coepit’

179 1058 211 1115 in
233 1057 290 1116 fine
312 1056 430 1116 iambici
452 1059 610 1136 septenarii
633 1060 758 1115 occurrit
783 1056 801 1135 ).

266 1162 466 1221 Memorabilis
489 1162 582 1222 forma
613 1170 658 1221 est
691 1162 843 1239 ‘gnaruris'
865 1164 1024 1241 posteriore
1047 1169 1142 1221 aetate
1165 1181 1182 1217 a
1204 1160 1328 1238 scripto·
1434 1162 1436 1166 ’

180 1268 270 1343 ribus,
295 1272 343 1349 qui
365 1277 479 1329 veteres
502 1276 603 1347 poetas
625 1268 823 1342 imitabantur,
850 1276 990 1348 usurpata
1002 1265 1033 1348 ²).
1077 1265 1168 1347 Apud
1191 1266 1328 1324 Plautum

181 1376 338 1452 ‘gnarures'
353 1374 444 1433 Poen.
458 1376 499 1433 47
522 1382 605 1433 extat
627 1376 658 1432 in
681 1374 738 1433 fine
760 1392 863 1433 versus
891 1382 920 1433 et
942 1374 1029 1432 Most.
1057 1376 1117 1431 100
1141 1370 1236 1430 ‘simfil
1257 1390 1336 1447 gna--

180 1482 255 1545 ruris
281 1500 335 1539 vos
364 1480 433 1539 volo
463 1498 526 1539 esse
546 1480 622 1538 hauc
651 1498 712 1539 rem
742 1480 864 1538 mecum'
894 1482 926 1537 in
959 1478 1109 1552 baccheia,
1145 1478 1266 1535 fortasse
1296 1478 1328 1533 in

182 1586 228 1644 his
251 1585 431 1660 collocatum,
454 1594 487 1644 ut
508 1585 631 1644 verbnm
653 1584 816 1645 obsoletum
839 1604 939 1645 versus
961 1586 1025 1644 loco
1049 1583 1261 1644 defenderetur.

268 1690 341 1751 Cum
364 1690 537 1750 ‘redducere'
560 1694 668 1749 usitata
698 1710 835 1749 mensura
866 1694 920 1765 sit,
948 1690 1118 1770 plerumque
1151 1688 1328 1748 adiectivum

181 1796 291 1856 ‘redux'
314 1799 438 1875 priorem
462 1795 605 1876 syllabam
629 1796 746 1855 brevem
768 1795 898 1877 praebet,
916 1796 1070 1855 bisantem
1086 1794 1216 1854 ‘reddux'
1231 1800 1327 1853 extat:

267 1901 350 1981 Capt.
375 1904 436 1961 923
460 1912 555 1981 ‘quom
588 1910 616 1961 te
647 1900 803 1961 redducem
834 1910 884 1960 tuo
914 1904 991 1981 patri
1020 1899 1227 1974 reddiderunt,
1249 1896 1325 1957 Rud.

183 2010 244 2067 909
280 2008 404 2087 ‘templis
437 2006 608 2081 redducem,
644 2007 768 2086 plurima
801 2006 911 2085 praeda
947 2002 1133 2085 onustum'ss).
1164 2005 1267 2086 quibus
1291 2023 1329 2063 ex

182 2113 316 2173 versibus
347 2112 514 2172 bacchiacis
537 2112 711 2172 Fleckeisen
746 2133 811 2170 ann.
838 2115 914 2187 147,
949 2116 1009 2171 196
1033 2133 1096 2191 squ.
1135 2111 1190 2170 has
1221 2110 1330 2170 formas

181 2220 290 2278 iniuria
312 2217 459 2299 expellere
481 2217 577 2277 voluit
601 2218 648 2297 (cf.
674 2216 807 2297 Lindsay
829 2217 912 2297 Oapt.
935 2239 1001 2297 pag.
1028 2220 1076 2291 17,
1104 2216 1149 2275 ad.
1178 2237 1220 2275 vs.
1245 2215 1328 2293 923).

268 2324 420 2405 Nusquam
444 2325 558 2383 ‘eccere'
581 2326 624 2382 ita
647 2323 826 2393 collocatum,
842 2331 902 2398 est,
925 2332 958 2383 ut
985 2327 1168 2405 perscipuum
1199 2324 1246 2395 sit,
1270 2341 1329 2400 qua

180 2432 293 2490 ratione
325 2430 447 2489 Plautus
477 2430 609 2489 ultimam
641 2428 789 2489 dimensus
821 2432 868 2503 sit,
903 2430 948 2506 (cf.
979 2430 1107 2488 Bachius
1136 2426 1219 2487 stud.
1249 2425 1327 2489 stud.

180 2536 213 2595 ΙΙ
230 2538 290 2595 391
316 2536 390 2615 squ.)
414 2537 472 2593 nisi
493 2538 525 2593 in
547 2535 681 2595 baccheia
705 2534 811 2613 Amph.
838 2537 918 2594 554:

268 2641 347 2699 ‘mihi
370 2640 531 2720 praedicas.
554 2641 672 2714 Eccere,
695 2644 753 2699 iam
777 2642 898 2714 tuatim',
922 2660 979 2720 quo
1011 2660 1049 2699 ex
1077 2658 1164 2698 versu
1195 2638 1329 2698 ultimam

181 2746 324 2827 syllabam
345 2746 465 2825 longam
489 2765 552 2805 esse
573 2748 629 2804 viri
660 2745 738 2805 docti
768 2746 978 2805 concluserunt.
1033 2744 1090 2805 Sed
1114 2747 1251 2825 quoniam
1272 2744 1329 2802 hoc

180 2852 246 2911 loco
269 2852 406 2911 Plautum
438 2850 584 2911 interdum
617 2851 733 2930 syllaba
765 2854 887 2930 ancipiti
918 2872 1001 2909 usum
1034 2870 1097 2910 esse
1130 2851 1329 2910 demonstrare

181 2966 302 3017 conatus
323 2978 396 3031 sum,
429 2957 484 3016 hac
517 2959 651 3016 renisus
674 2976 710 3016 ex
733 2956 789 3015 hoc
812 2976 927 3036 quoque
949 2976 1036 3016 versu
1058 2956 1132 3015 nihil
1155 2955 1192 3015 de
1214 2958 1329 3036 quanti-

181 3071 241 3123 tate
264 3062 376 3123 elncere
399 3062 535 3124 arbitror.

267 3168 511 3228 Maureubrecher
532 3171 562 3226 in
585 3167 661 3227 libro
684 3188 771 3247 supra
787 3166 886 3225 adlato
902 3187 968 3247 pag.
986 3170 1112 3227 43-71
1138 3166 1328 3246 comprobare

183 3272 296 3334 studuit
318 3275 376 3332 ‘m'
399 3281 607 3333 consonantem
637 3272 768 3353 syllabae
798 3272 918 3332 verbum
939 3273 1068 3333 finientis
1088 3276 1131 3332 ita
1153 3281 1218 3353 post
1240 3292 1327 3331 voca·

180 3380 238 3440 lem
261 3382 422 3453 evanuisse,
450 3390 484 3439 ut
505 3382 630 3459 primum
652 3379 760 3437 uasalis
783 3377 895 3437 vocalis
926 3378 1015 3457 longa
1046 3387 1188 3452 oreretur,
1220 3378 1328 3437 deinde

181 3486 253 3545 haec
275 3485 361 3562 longa
386 3486 497 3545 vocalis
519 3485 708 3558 breviaretur,
731 3483 810 3564 apud
826 3484 966 3543 Plautum
988 3492 1085 3544 autem
1108 3493 1175 3543 ante
1197 3485 1329 3543 vocalem

183 3589 328 3670 syllabam
358 3593 389 3649 in
423 3591 483 3648 ‘m'
518 3598 670 3650 exeuntem
702 3589 873 3669 hiatumque
904 3589 1073 3649 efficientem
1109 3597 1137 3649 et
1159 3589 1278 3667 longam
1300 3597 1330 3649 et

183 3695 300 3755 brevem
324 3715 386 3755 esse
408 3716 503 3776 posse.
560 3696 656 3770 Quam
688 3697 970 3772 argumentationem
992 3714 1158 3774 perversam
1180 3714 1242 3754 esse
1264 3714 1328 3775 per-

96 3834 101 3841 ·
182 3820 300 3861 suasum
332 3801 426 3861 habeo
435 3798 468 3880 ⁴).
513 3801 591 3860 Nam
622 3822 680 3881 qno
709 3798 795 3859 modo
825 3802 998 3880 scripturam
1021 3800 1102 3859 ‘dice'
1125 3828 1166 3853 =
1191 3796 1328 3878 ι11111115),

275 4028 301 4098 1)
326 4028 368 4083 01
400 4027 555 4083 differentia
592 4028 779 4098 perfectorum
817 4005 912 4097 ‘coligi’
949 4034 977 4084 et
1015 4030 1111 4098 ‘coepi'
1149 4028 1183 4082 cf.
1220 4027 1331 4083 Osthoff

180 4116 292 4172 Perfert
313 4122 371 4172 158.

271 4210 299 4277 2)
321 4207 355 4262 cf.
375 4208 482 4263 Lorenz
502 4209 583 4264 Most.
604 4225 666 4277 pag.
687 4212 719 4262 31
740 4207 801 4262 adn.

271 4300 299 4365 3)
318 4297 362 4351 hic
381 4296 457 4351 locus
478 4297 587 4365 quidem
606 4302 751 4366 corruptus
771 4304 822 4365 est,
842 4296 919 4352 deest
938 4300 982 4351 ‘et’
1001 4298 1088 4351 initio.

270 4388 298 4456 4)
318 4385 352 4440 cf.
367 4386 448 4441 Diehl
462 4386 492 4441 G.
508 4386 538 4441 G.
556 4389 587 4440 A.
604 4389 681 4455 1899,
692 4388 743 4440 683
764 4402 815 4455 sq.‚
828 4386 975 4440 Kirchhoff
986 4388 1027 4440 Fl.
1038 4387 1077 4455 jb.
1091 4388 1180 4455 suppl.
1197 4389 1273 4453 1902,
1287 4389 1327 4439 15.

270 4478 298 4545 5)
319 4474 353 4530 cf.
383 4476 465 4529 etiam
492 4474 525 4531 de
552 4477 604 4530 hoc
629 4476 689 4529 loco
718 4475 838 4531 Leonem
868 4477 967 4531 torsch.
995 4479 1047 4531 938
1067 4483 1094 4531 et
1119 4474 1180 4530 adn.
1205 4480 1229 4543 l,
1247 4476 1327 4529 Skut-

180 4564 284 4620 schium
303 4564 476 4620 Vollmfillars
493 4565 531 4635 jb.
552 4566 582 4619 V.
597 4568 639 4621 58.
