3200 5217
863 486 904 544 52

305 674 406 745 poetas
429 664 557 738 Latinos,
581 685 639 745 qua
661 683 752 723 exre
774 681 811 723 ea
832 662 922 723 verba
944 661 1005 721 illis
1028 662 1206 741 temporibus
1230 664 1261 721 in
1283 661 1384 739 lingua
1406 682 1452 721 ac·

306 782 391 832 centu
421 773 453 830 in
484 774 577 849 prima
599 769 716 850 syllaba
739 769 880 828 collocato
912 771 1057 827 instructa
1086 768 1177 827 fuisse
1209 764 1454 848 concluserunt1).

306 878 403 953 Quam
426 875 664 936 consuetudinem
686 877 845 953 vestigium
867 876 984 954 pristini
1013 882 1149 935 accentus
1172 877 1203 933 in
1225 877 1320 954 prima
1342 874 1457 954 syllaba

306 986 445 1063 cuiusque
466 983 550 1042 verbi
572 984 662 1061 positi
684 984 784 1062 putari
807 1001 881 1059 opus
904 967 962 1039 non
985 1000 1049 1040 esse
1072 988 1208 1040 accentus
1226 980 1347 1057 linguae
1367 981 1455 1040 Sans·

307 1091 424 1149 criticae
446 1097 545 1147 nostra
568 1096 664 1147 aetate
687 1090 812 1145 usitatus
835 1085 971 1160 ostendit,
995 1087 1046 1165 qui
1069 1085 1171 1145 eodem
1194 1085 1280 1145 modo
1300 1096 1388 1166 atque
1410 1108 1457 1145 ac-

306 1202 406 1255 centus
427 1195 547 1272 linguae
568 1194 696 1252 Latinae
718 1194 876 1269 insignitus
899 1194 981 1251 vocis
1012 1194 1190 1267 intentione,
1222 1194 1247 1250 si
1278 1192 1458 1271 paenultima

306 1308 336 1361 et
358 1299 605 1380 antepaenultima
625 1298 724 1357 brevis
746 1306 806 1372 est,
835 1305 956 1357 accentu
985 1300 1110 1378 primam
1132 1297 1278 1377 syllabam
1301 1298 1457 1358 verborum

307 1404 591 1485 quadrisyllaborum
624 1404 712 1463 effert.
759 1402 990 1482 (Wackernagel
1019 1406 1056 1461 ai.
1086 1424 1207 1481 gramm
1240 1403 1325 1483 296).
1369 1404 1458 1464 vehe-

305 1513 493 1572 mentissimis
523 1510 620 1569 verbis
654 1509 805 1569 oblocutus
841 1518 885 1568 est
906 1509 945 1568 Η.
968 1508 1116 1569 Pedersen
1138 1510 1225 1567 KZ.
1244 1512 1295 1583 38,
1320 1512 1379 1569 336
1404 1531 1458 1589 sq,

307 1618 358 1678 sed
380 1638 439 1677 non
461 1620 512 1692 ita,
541 1624 574 1676 ut
595 1616 667 1674 mihi
688 1618 873 1696 persuaserit.
928 1615 1006 1674 Nam
1037 1624 1141 1695 poetas
1163 1618 1313 1675 scaenicos
1334 1616 1458 1675 Latinos

306 1724 532 1803 discrepantiam
554 1725 630 1781 inter
651 1725 743 1781 ictum
767 1741 870 1780 versus
893 1729 923 1780 et
944 1724 1021 1780 inter
1042 1721 1192 1780 accentum
1215 1721 1334 1799 linguae
1356 1721 1460 1799 fugere

306 1826 460 1903 studuisse,
476 1825 573 1906 quoad
587 1826 651 1885 fieri
665 1829 770 1906 potuit,
787 1826 992 1905 comprobatur
1005 1844 1048 1900 eo,
1065 1826 1144 1906 quod
1159 1826 1249 1885 verba
1264 1826 1412 1905 dactylica
1430 1834 1460 1885 et

306 1933 565 2015 proceleusmatica
585 1935 646 1991 ictu
668 1932 790 1991 alteram
806 1931 953 2012 syllabam
965 1932 1038 2011 (scil.
1052 1932 1180 2007 tertiam)
1192 1931 1293 1991 efferre
1304 1940 1461 1992 vetuerunt

305 2043 360 2100 nisi
372 2042 508 2118 inprime
519 2038 594 2119 pede
605 2058 743 2098 versuum
754 2037 953 2112 iambicorum,
965 2037 1027 2097 scil.
1041 2040 1176 2117 inprime
1187 2037 1263 2117 pede
1274 2038 1394 2099 alterius
1404 2039 1460 2097 coli

243 2130 247 2139 ¹
308 2147 463 2225 septenarii
486 2145 614 2219 iambici,
636 2146 668 2202 in
691 2145 858 2223 anapaestis
868 2139 902 2223 ²).
948 2144 984 2203 In
1015 2152 1108 2202 metro
1140 2151 1237 2203 autem
1266 2143 1303 2202 ab
1326 2144 1386 2201 alio
1408 2165 1459 2224 po-

306 2251 376 2331 pulo
399 2257 547 2330 assumpto
571 2258 660 2328 atque
683 2249 734 2307 alii
757 2249 876 2327 linguae
899 2256 985 2328 apto,
1014 2249 1094 2328 quod
1126 2257 1159 2307 ut
1181 2251 1319 2329 propriae
1340 2249 1458 2326 linguae

308 2355 489 2436 adaptarent,
511 2358 668 2413 maximam
692 2374 811 2433 operam
834 2354 988 2430 dederunt,
1010 2373 1075 2412 eam
1100 2353 1326 2433 discrepantiam
1348 2358 1460 2415 evitare

309 2461 514 2521 difficillimum
542 2460 633 2519 fuisse
656 2458 789 2519 omnibus
811 2462 995 2539 perspicuum
1019 2468 1069 2519 est.
1115 2458 1215 2534 Quare
1247 2459 1369 2520 fortasse
1401 2480 1462 2519 non

307 2568 394 2647 plane
417 2585 588 2625 consensum
610 2568 687 2625 inter
700 2568 791 2624 ictum
807 2574 836 2625 et
854 2574 1006 2625 accentum
1022 2564 1261 2645 assequebantur,
1284 2586 1461 2646 quamquam

308 2693 362 2751 ego
387 2691 503 2751 quoque
527 2670 699 2749 apartibus
723 2670 863 2729 Skutschi
886 2677 941 2744 sto,
970 2673 1021 2749 qui
1043 2691 1096 2728 nos
1119 2690 1153 2729 eo
1174 2678 1312 2729 venturos
1334 2689 1405 2744 esse,
1427 2680 1462 2729 ut

308 2797 407 2837 omnes
423 2777 633 2857 discrepantias
650 2776 839 2856 explicemus,
862 2784 968 2855 sperat.
1014 2775 1151 2834 Proiecto
1167 2775 1247 2854 quod
1265 2796 1331 2834 raro
1355 2784 1460 2855 poetae

307 2885 399 2942 ictum
420 2885 452 2939 in
475 2881 604 2942 secunda
626 2881 742 2962 syllaba
764 2882 866 2940 horum
888 2880 1045 2940 verborum
1075 2879 1251 2960 posuerunt,
1283 2901 1461 2959 quamquam

307 2988 483 3047 vocabulum
514 2988 572 3046 hoc
594 2986 680 3046 modo
705 2996 826 3045 accentu
848 2987 956 3045 elatum
978 2986 1079 3045 multis
1100 3006 1202 3046 versus
1224 2986 1298 3045 locis
1320 2985 1461 3045 adhibere

308 3102 474 3173 potuerunt,
497 3094 685 3152 confirmatur
707 3096 737 3151 in
761 3092 863 3169 lingua
885 3091 1030 3151 vocabula
1053 3100 1174 3151 accentu
1189 3093 1330 3172 inprims
1346 3091 1462 3172 syllaba

309 3201 405 3279 posito
428 3202 569 3258 instructa
592 3198 688 3257 fuisse.
733 3198 782 3255 Ex
814 3197 955 3277 exemplis
985 3205 1097 3271 autern,
1129 3216 1204 3278 quae
1234 3200 1325 3257 ictum
1355 3200 1387 3269 in
1418 3217 1462 3257 se-

309 3304 404 3363 cunda
426 3304 541 3383 syllaba
563 3298 747 3384 praebentss),
770 3301 926 3362 eximenda
947 3312 1014 3361 sunt
1036 3322 1087 3377 ea,
1119 3322 1194 3382 quae
1216 3304 1364 3382 inprime
1386 3301 1462 3382 pede

308 3430 444 3470 versuum
466 3410 658 3469 iambicornm
690 3417 741 3467 aut
772 3407 892 3467 secundi
925 3408 982 3467 coli
1013 3410 1170 3487 septenarii
1199 3408 1320 3467 iambici
1348 3410 1462 3467 inveni·

310 3522 462 3574 untur-
485 3515 535 3574 ubi
569 3514 670 3574 eodem
702 3513 788 3573 modo
819 3522 922 3594 atque,
956 3512 1125 3573 ‘mulierem'
1160 3513 1327 3572 ‘mullerem'
1360 3521 1462 3572 contra

310 3621 429 3697 linguae
452 3641 536 3679 usum
560 3628 648 3699 poeta
670 3618 789 3679 admisit
812 3655 853 3664 —
870 3640 913 3694 ea,
936 3622 966 3677 in
989 3618 1095 3698 quibus
1117 3619 1330 3678 substantivum
1353 3616 1461 3698 depen-

310 3726 360 3785 det
390 3726 427 3785 de
455 3728 672 3807 praepositione
703 3721 788 3786 velut
811 3725 894 3805 Capt.
922 3728 1002 3784 1023
1037 3725 1114 3806 (scil.
1137 3732 1188 3783 aut
1212 3724 1308 3803 1022)
1338 3727 1377 3782 ‘in
1400 3744 1461 3784 me-

309 3832 449 3904 mdriam',
472 3831 560 3911 Epid.
578 3834 641 3891 490
664 3836 727 3911 ‘pro
750 3830 879 3889 fidicina’
901 3829 1007 3889 Pseud.
1033 3826 1117 3889 7051
1139 3833 1199 3909 ‘per
1213 3830 1365 3904 malitiam,
1388 3837 1462 3891 etc:

402 4038 428 4108 1)
457 4037 491 4093 cf.
520 4038 634 4107 Langen
661 4038 731 4093 Phil.
761 4041 972 4107 31,115sqq.,
1001 4037 1124 4106 Lindsay
1150 4037 1219 4090 Phil.
1251 4040 1302 4103 51,
1321 4039 1374 4090 364
1393 4052 1462 4103 sqq,

308 4128 449 4199 Vendryes
469 4128 631 4183 recherches
658 4142 707 4182 sur
724 4128 860 4183 l’histoirc
889 4132 941 4182 etc.
961 4126 995 4181 de
1013 4128 1030 4180 l’
1051 4127 1182 4181 intensite
1200 4126 1307 4179 initiale
1326 4142 1360 4179 en
1378 4125 1462 4179 Latin

310 4223 362 4273 146
381 4235 440 4287 sqq.

401 4311 430 4379 2)
450 4325 531 4376 quam
554 4324 611 4363 rem
629 4314 661 4363 ut
687 4309 742 4363 alio
764 4307 845 4363 modo
873 4307 1032 4376 explicaret,
1052 4307 1095 4362 W.
1114 4308 1227 4377 Meyero
1247 4306 1276 4376 (l.
1296 4306 1313 4360 1.
1334 4307 1381 4377 38)
1406 4322 1462 4360 non

310 4400 433 4467 contigit.

401 4489 429 4558 3)
448 4488 510 4543 vide
529 4487 651 4557 Lindsay
669 4490 687 4541 l.
706 4488 733 4555 1.,
762 4494 956 4555 contraquam
985 4492 1075 4542 certat
1094 4485 1243 4557 Seyffertus
1262 4487 1341 4539 Burs.
1362 4484 1397 4552 ib.
1417 4486 1462 4551 80,

313 4579 411 4648 2701,
431 4578 466 4636 cf.
488 4577 847 4633 SkutschiumVollmbllers
863 4578 1009 4648 jn.11‚5e,
1028 4578 1075 4646 qui
1093 4593 1154 4632 cum
1162 4575 1295 4648 Seyfferto
1315 4573 1460 4633 consentit.
