3200 5217
860 389 899 448 38

309 569 351 627 tio
374 566 482 629 radicis
505 564 569 633 fuit,
584 564 732 653 hundere',
764 565 844 627 unde
874 564 1050 641 significatio
1081 563 1180 624 mallei
1213 573 1242 624 et
1263 566 1458 626 instrumentis

309 692 367 751 quo
389 649 490 732 rustici
512 693 566 753 pro
588 670 693 733 malleo
725 669 763 730 ad
793 668 895 749 glebas
926 670 1164 730 comminuendas
1192 668 1365 744 utebantur,
1396 668 1459 730 des

308 775 413 837 cendit.
428 776 541 837 Eadem
550 780 663 838 ratione
672 781 704 836 in
712 777 808 836 lexico
819 774 950 835 Pollucis
961 778 1011 849 10,
1020 778 1059 834 29
1072 776 1173 858 σφῦρα
1183 773 1351 855 appellatur
1364 774 1456 859 dolo

309 880 408 956 κόπος,
423 881 533 942 scholia
548 882 584 941 ad
602 882 694 969 Arist.
739 881 846 941 Pacem
863 882 924 940 565
948 881 1161 940 transsui-ibunt
1185 877 1309 963 σφύρας,
1335 876 1381 950 αἶς
1400 880 1459 963 βω-

310 987 502 1063 λοκοποῦσιν,
526 968 609 1049 idem
634 991 858 1048 instrumentum
881 984 1077 1064 agriculturae
1107 994 1359 1059 commemoratur·
1382 986 1459 1067 apud

311 1091 475 1153 Hesiodum
503 1114 549 1174 op.
566 1095 628 1154 425
652 1092 701 1173 (cf.
716 1092 788 1153 Hcs.
813 1087 1143 1174 epdpmocrdca'pocrc),
1166 1100 1199 1151 ut
1221 1092 1322 1173 σφῦρα
1344 1090 1460 1150 casdem

310 1198 410 1259 ambas
443 1197 671 1276 significationes
702 1195 838 1258 ostendat
868 1200 898 1256 in
928 1197 1030 1275 lingua
1051 1195 1182 1272 Graeca,
1215 1216 1338 1277 quarum
1371 1182 1458 1255 unam

311 1302 397 1363 radix
420 1324 481 1363 aar·
502 1302 628 1364 ostendit
649 1306 682 1362 in
707 1301 812 1380 lingua
833 1301 956 1377 Graeca,
980 1302 1099 1362 alteram
1123 1306 1153 1361 in
1185 1302 1287 1379 lingua
1310 1303 1419 1361 Latina
1428 1297 1459 1381 ¹).

311 1409 405 1489 Saepe
426 1412 457 1469 in
479 1410 589 1487 linguis
612 1408 862 1488 Indogermanicis
886 1408 923 1467 ah
945 1406 1047 1467 eadem
1069 1406 1169 1468 radice
1191 1408 1366 1485 significatio
1390 1411 1457 1466 ‘sar-

309 1514 376 1575 culi'
406 1514 538 1594 (ligonis)
570 1523 606 1575 ct.
631 1518 758 1587 ‘securis,
790 1515 895 1573 asciac'
919 1512 1053 1572 derivata
1074 1521 1133 1573 est:
1167 1512 1201 1572 ci.
1226 1512 1385 1588 Schrader,
1416 1531 1459 1573 ra·

311 1617 551 1699 alencycloptidie
573 1617 626 1679 der
646 1618 706 1697 idg,
732 1618 874 1699 sprachcn
896 1617 950 1677 sub
973 1624 1040 1692 ‘ant
1064 1617 1221 1692 ackerbau,
1249 1637 1331 1697 egge,
1354 1616 1457 1692 hacke,

311 1725 448 1799 hammer,
460 1724 609 1799 schaufel’3
622 1724 704 1784 velut
715 1724 780 1783 ahd.
795 1724 946 1797 ‘houwan',
962 1722 1061 1781 anord.
1077 1723 1212 1810 fhpggua'
1229 1722 1309 1801 (nhd.
1326 1722 1458 1801 ‘hanen’),

310 1828 353 1888 lit.
376 1828 459 1887 keinti
484 1829 639 1907 ‘schlagem
662 1828 838 1903 schmieden,
860 1827 1016 1907 ktmplen’,
1039 1827 1112 1887 ahsl,
1133 1828 1245 1887 ‘horati
1265 1826 1457 1903 ‘schmieden‘,

308 1934 359 1995 lat.
386 1932 482 1997 ‘cudo’
504 1938 589 1994 iuxta
610 1935 686 2014 engl.
711 1933 783 1995 ‘hoe’
810 1962 851 1987 =
875 1933 945 1995 nhd.
969 1934 1090 2009 ‘hackc’,
1117 1933 1198 1994 ‘hew’
1221 1932 1361 2008 hachen,
1384 1931 1457 1993 ahsl.

310 2039 446 2121 mat-yha
461 2039 580 2115 ‘hacke',
610 2043 646 2100 ai.
670 2049 801 2122 matyam
817 2044 908 2117 ‘egga
924 2039 1024 2099 walae'
1041 2048 1070 2099 et
1084 2039 1134 2108 lat.
1152 2039 1278 2099 mateola
1294 2037 1458 2115 ‘werkaang

310 2166 376 2206 aum
407 2146 595 2223 einschlagen
625 2149 655 2205 in
691 2145 738 2206 die
770 2145 856 2220 erde’,
889 2140 1023 2226 μάκελλα
1054 2164 1092 2204 ex
1124 2141 1291 2228 epol-aelus
1319 2144 1357 2203 ad
1378 2142 1457 2218 radif

312 2269 374 2310 cem
388 2249 439 2310 kal
455 2250 611 2329 ‘schlagcn'
628 2250 789 2330 (Prellwitz
805 2259 893 2330 etym.
909 2249 977 2330 ut),
993 2250 1028 2310 ci.
1046 2249 1177 2310 Sommer
1191 2250 1215 2310 Ι.
1231 2252 1265 2309 F.
1286 2254 1333 2324 11,
1365 2249 1458 2311 2651.

310 2352 468 2418 deradice
490 2354 651 2434 indegerm.
674 2356 743 2416 mad
766 2356 878 2431 haren,
900 2355 1066 2429 schneiden,
1089 2355 1196 2415 teilan‘.
1241 2354 1369 2434 Spiritus
1383 2354 1458 2415 lenis

313 2469 425 2536 autem,
457 2464 482 2521 si
506 2469 585 2521 recte
607 2460 732 2523 traditus
755 2471 814 2528 est,
847 2459 923 2541 apud
947 2460 1160 2521 Callimachum
1189 2460 1311 2521 debetur
1333 2459 1457 2519 dialecto

312 2570 412 2647 spicae
446 2575 497 2626 aut
529 2570 660 2643 ionicae,
695 2568 744 2646 (de
776 2568 878 2633 formis
911 2568 1017 2625 ionicis
1050 2566 1130 2646 apud
1163 2565 1237 2626 Call.
1270 2566 1305 2626 cf.
1335 2552 1458 2640 Schulae

309 2671 344 2733 G.
361 2670 399 2732 Gr.
415 2673 452 2731 A.
479 2675 570 2748 1897,
594 2676 656 2733 872
681 2673 770 2753 adn),
803 2681 836 2733 ut
865 2674 1004 2752 primaria
1035 2671 1128 2731 forma
1159 2675 1199 2731 sit
1229 2666 1299 2755 αἶρα
1330 2690 1368 2731 ex
1396 2691 1455 2730 sar·

309 2784 341 2866 ia
363 2785 414 2838 aut
435 2774 520 2875 sorr-ia
541 2785 618 2837 nata.
1372 2846 1376 2851 ¹

312 2937 317 2951 ,
396 2882 533 2942 Nonus
553 2884 675 2956 mirum,
705 2881 784 2962 qnod
805 2884 887 2941 notio
911 2882 1038 2944 sariendi
1061 2881 1225 2942 deflectitur
1248 2881 1287 2943 ad
1309 2884 1456 2943 notionem

308 2988 469 3062 runcandi,
500 2988 583 3048 velut
604 2987 681 3047 Plin.
704 2994 764 3047 nat.
787 2988 856 3047 hist.
882 2992 931 3061 18,
955 2991 1016 3047 241
1041 2987 1114 3047 dicit
1145 2987 1217 3047 ‘levi
1248 2988 1361 3048 sarculo
1391 3009 1457 3069 pur·

310 3113 380 3170 gare
402 3094 500 3153 verius
525 3114 611 3174 quam
633 3092 756 3167 fodere';
780 3092 912 3153 conferas
935 3112 1059 3173 quoque,
1082 3113 1141 3173 qua
1164 3096 1278 3153 ratione
1292 3093 1456 3173 Xenophon

306 3201 338 3257 in
351 3197 460 3259 Oecon.
480 3202 528 3271 17,
555 3198 629 3257 led
651 3199 825 3258 industriam
849 3195 1002 3258 σκαλεύειν
1025 3198 1199 3258 determinat
1222 3197 1270 3277 (cf.
1295 3197 1456 3259 Schneider

307 3302 345 3361 ad
367 3302 482 3363 Colum.
507 3307 534 3379 2,
553 3308 601 3377 11,
619 3304 659 3382 2),
689 3302 825 3363 velutin
848 3303 951 3382 lingua
972 3303 1196 3382 Francogallica
1219 3303 1344 3363 ‘sarcler’
1367 3306 1455 3383 signi-

306 3408 376 3468 ficat
398 3410 511 3486 ‘gaunt
550 3408 663 3469 Eodem
685 3407 772 3469 modo
796 3413 942 3488 pertinent
963 3409 1002 3468 ad
1024 3430 1112 3468 unam
1134 3408 1262 3469 radicem
1287 3409 1330 3470 lit.
1355 3410 1455 3488 niuja,

306 3515 391 3573 rduti'
414 3516 601 3590 ‘ausreissen',
628 3515 724 3592 abulg.
747 3518 808 3594 ryti
831 3509 1002 3594 ‘grahcn'²),
1026 3518 1062 3573 ai.
1087 3516 1138 3573 ‘ru'
1160 3501 1372 3593 ‘aenschlagem
1396 3534 1455 3574 acr-

307 3620 498 3679 schmcttern’.
545 3620 643 3694 Quare
665 3621 726 3679 ficri
749 3628 854 3698 potest,
878 3628 910 3679 ut
933 3620 1029 3679 alban.
1052 3620 1119 3695 har,
1141 3639 1207 3698 geg.
1227 3619 1283 3682 her
1298 3625 1455 3699 ‘ausgitem

305 3712 410 3785 hliuma
433 3723 504 3784 oder
525 3724 705 3785 weinst'dcke
727 3724 955 3800 ausschncidcn',
978 3725 1056 3805 quod
1078 3723 1114 3784 G.
1131 3726 1234 3805 Meyer
1256 3724 1317 3804 (wt.
1340 3724 1393 3784 der
1414 3726 1454 3786 al·

305 3876 310 3883 ·
399 3863 426 3933 1)
445 3868 527 3936 σφῦρα
556 3869 598 3918 ast
623 3862 695 3917 idem
721 3868 805 3931 atque
824 3862 872 3917 lat.
893 3865 995 3933 ‘porca’
1011 3862 1160 3917 secundum
1178 3862 1317 3917 Pollucem
1336 3866 1368 3930 ’1,
1389 3866 1454 3933 1453

305 3952 413 4007 modum
442 3952 503 4021 agri
530 3952 666 4020 significat
693 3953 720 4006 C.
735 3954 760 4007 J.
776 3953 921 4007 G.11732
932 3966 958 4006 aa
977 3977 1011 3999 =
1032 3953 1099 4006 eJ.
1114 3952 1145 4006 G.
1166 3959 1236 4020 sept.
1257 3955 1287 4005 61
1318 3953 1347 4005 in
1374 3954 1455 4009 titulo

306 4042 412 4096 Dauleo
432 4048 460 4095 et
479 4042 594 4110 0111.
614 4042 689 4111 Sept.
710 4045 813 4096 241522
832 4044 859 4095 in
881 4042 921 4096 til.
940 4043 1034 4110 Theb,
1053 4048 1200 4109 utrumque
1219 4042 1403 4097 testimonium
1422 4059 1456 4097 ex

303 4130 393 4185 media
411 4131 526 4185 Graeca.
556 4132 621 4186 Hcs.
636 4130 779 4204 ὁμόσφυρος
799 4172 941 4185 ......
962 4132 1108 4205 ὁμόχωρον.
1138 4131 1220 4203 σφύρα
1240 4134 1287 4204 γὰρ
1309 4138 1355 4204 τῆς
1374 4134 1456 4205 σπορί-

303 4240 352 4292 μου
365 4227 411 4293 γῆς
429 4222 458 4274 τὸ
478 4222 577 4293 μέτρον,
596 4221 642 4289 qui
655 4219 750 4275 modus
770 4226 819 4275 aut
837 4222 912 4275 velut
930 4221 992 4293 γὺης
1011 4220 1158 4276 secundum
1177 4221 1388 4277 instrumentum
1407 4227 1455 4277 aut

300 4311 376 4366 velut
393 4312 495 4381 ‘porca’
522 4309 597 4379 apud
615 4310 742 4365 Baeticos
761 4309 811 4378 (cf.
832 4310 888 4365 Col.
909 4311 969 4365 Vl.
985 4313 1013 4379 5)
1040 4308 1188 4365 secundum
1214 4317 1317 4365 terram
1336 4311 1453 4381 adagge

301 4404 391 4454 ratam
410 4399 565 4469 appellatus
585 4405 635 4455 est.

389 4491 416 4561 2)
436 4489 484 4545 lat.
504 4494 568 4547 ruta
588 4514 621 4539 =
641 4488 760 4548 ‘effossa’
788 4490 817 4545 in
836 4494 908 4548 ‘ruta
926 4492 1029 4548 caesa’:
1055 4489 1171 4547 Schulae
1198 4496 1303 4563 quaest.
1324 4506 1369 4562 ep,
1388 4494 1448 4551 318.

753 4604 758 4640 l
