3200 5217
683 470 732 535 -13

137 653 227 731 quam
249 645 377 712 ferocula
400 643 447 726 ea',
479 652 527 712 hie
558 652 639 712 locus
668 660 765 713 autem
794 653 868 711 mihi
892 651 1008 732 quidem
1030 655 1074 711 ita
1096 637 1285 729 'corrigendus

135 776 201 817 esse
223 757 348 831 videtur,
371 767 404 817 ut
425 761 532 839 positio
555 757 637 817 verbi
659 761 726 821 usui
749 761 935 835 conveniat).

227 864 274 922 Ex
299 864 341 923 lit.
369 863 499 923 ‹lov-ane
525 861 626 941 ‘gabe',
650 864 760 923 aumbr.
786 866 955 943 ‘purtuvitu
978 864 1145 941 purtuvies',
1169 864 1283 926 numbr.

139 967 323 1048 ‘purdovitu',
347 969 436 1049 Cypr.
461 966 595 1043 dofdvot,
611 972 797 1029 coniunctivo
815 968 919 1028 ‘duam'
935 977 964 1027 et
979 957 1110 1048 optativo
1133 969 1230 1028 ‘duim’-
1253 969 1284 1029 in

138 1071 241 1151 lingua
262 1075 370 1134 Latina
392 1067 557 1155 antiquiore
590 1077 718 1134 inventis
752 1073 986 1134 concludendum
1019 1083 1063 1134 eat
1093 1084 1209 1154 praeter
1238 1061 1284 1134 ra'-

139 1178 251 1253 dicem,
285 1200 360 1260 quae
383 1180 470 1239 ‘dare'
493 1180 655 1257 signifieat,
690 1179 777 1257 longa
799 1180 894 1239 vocali
916 1179 1035 1238 finitam
1051 1178 1109 1241 ‘do'
1131 1182 1161 1239 in
1184 1180 1287 1259 lingua

136 1284 349 1362 indegermana
384 1278 512 1344 radicem
525 1277 539 1359 ‚¹
573 1304 648 1365 quae
680 1288 712 1343 in
741 1284 935 1364 dipthongum
954 1268 1075 1364 'longam
1097 1277 1205 1359 exibat,
1239 1286 1285 1345 tu·

135 1384 197 1448 'isse
220 1389 283 1452 dosr
293 1386 322 1470 ¹).
368 1392 493 1451 Formae
515 1400 612 1450 autem
635 1393 777 1470 pristinae
799 1382 971 1450 Latinitatis
993 1380 1091 1464 ‘duim
1114 1390 1210 1450 duam'
1233 1399 1287 1453 ere

139 1497 298 1554 maximam
320 1504 433 1576 partem
467 1499 497 1555 in
518 1488 594 1555 'fine'
617 1494 753 1556 versuum
785 1504 903 1571 extant,
937 1487 1012 1576 quas'
1042 1493 1139 1556 tamen
1172 1482 1288 1575 praeter

139 1600 226 1660 finem
259 1601 305 1660 hia
327 1602 399 1661 locis
423 1601 593 1661 observavi:
628 1602 734 1681 Amph.
761 1604 821 1662 672
847 1606 1012 1680 ‘numquam
1035 1600 1139 1681 edepol
1161 1610 1193 1661 tu
1214 1602 1288 1661 mihi

138 1703 234 1764 divini
259 1700 443 1787 [quicquam]
466 1706 580 1766 creduis
613 1716 680 1785 poet
713 1706 792 1766 hunc
819 1704 946 1782 diem’2).
1057 1715 1063 1721 '

132 1832 135 1837 ·
229 1812 295 1871 Aul.
322 1816 383 1872 672
408 1811 531 1887 ‘dieam3
566 1832 633 1870 nam
658 1811 735 1891 quod
759 1800 820 1871 edit
842 1820 903 1870 tam
919 1810 1006 1871 duim
1029 1833 1115 1892 quam
1137 1813 1288 1892 perduim’.

226 1918 318 1977 Poen.
343 1920 403 1977 739
429 1910 586 1996 ‘Diespiter
618 1937 670 1976 vos
692 1916 818 1995 perduit.
843 1918 888 1977 're
911 1918 1078 1997 quippini’?
1121 1918 1167 1977 his
1196 1922 1288 1996 igitur

139 2021 213 2080 locis
234 2032 371 2102 quartum
389 2024 493 2103 pedem
516 2024 626 2082 formae
649 2031 809 2103 occupant;
832 2031 900 2104 ante
914 2022 1074 2083 secundam
1093 2027 1182 2082 araim
1204 2028 1287 2085 inve-

139 2129 235 2187 nitur:
1025 2139 1027 2142 ’
1253 2117 1258 2128 ’

194 2246 198 2252 ’
227 2225 317 2299 Mero.
340 2237 400 2292 401
426 2234 481 2294 ‘Ne
503 2233 585 2306 duas,
608 2253 681 2293 neve
703 2241 732 2292 te
756 2232 910 2291 advexisse
931 2232 1049 2292 dixeris'.
1073 2244 1080 2286 ἱ
1103 2233 1145 2291 Di
1166 2254 1213 2293 me
1236 2232 1287 2293 ad-

138 2340 260 2413 iuvant',
282 2329 334 2398 ubi
357 2340 403 2397 ‘ne
419 2339 492 2398 duda
513 2358 571 2399 neu
593 2340 623 2397 te
640 2386 645 2398 .
663 2386 668 2398 .
687 2340 702 2397 ‚¹
726 2339 814 2417 lon-ge
836 2338 1058 2417 praeferendum
1081 2330 1191 2399 ests‘no
1213 2339 1288 2399 duaa

133 2444 223 2504 neve'
238 2444 357 2505 lectioni
369 2441 400 2523 ³),
424 2444 476 2505 sed
491 2464 592 2504 versus
615 2444 726 2511 dubius,
745 2453 796 2519 est,
820 2447 891 2523 quia
905 2448 936 2503 in
950 2445 980 2503 A
993 2465 1094 2507 versus
1113 2466 1136 2503 a·
1146 2452 1191 2506 ‘ne
1201 2445 1288 2505 duas'

140 2560 198 2609 n'on
222 2553 334 2630 incipit.
390 2550 488 2610 Luchs
511 2549 606 2629 (Stud.
631 2549 707 2609 stud.
730 2550 836 2627 131),
871 2552 920 2630 qui
954 2554 1090 2609 metricas
1118 2551 1156 2611 ob
1184 2543 1288 2611 causas

141 2655 194 2714 has
217 2656 429 2734 forrnas22(item
452 2656 580 2728 danunt,
610 2648 701 2735 fuam)
729 2658 762 2713 in
782 2655 841 2714 fine
862 2675 965 2715 versus
987 2651 1147 2735 praecipue
1164 2656 1287 2716 adhibu-

140 2763 196 2819 isse
219 2770 335 2841 poetam
356 2768 458 2841 putat,
491 2781 550 2820 non
582 2761 675 2819 solum
699 2763 751 2820 ‘eis
770 2768 898 2841 “quoque
920 2768 1020 2819 versuo
1041 2761 1174 2841 partibus
1196 2761 1289 2821 feren-

142 2865 194 2925 das
217 2859 295 2941 esse,
327 2866 432 2947 quibus
461 2869 514 2926 vix
535 2869 632 2925 minus
655 2886 742 2945 quam
765 2869 797 2924 in
820 2866 877 2926 fine
899 2863 1098 2928 iambum-vel
1117 2853 1288 2927 trochaeum

141 2972 269 3051 spondeo
292 2972 465 3052 praetulisse
481 2970 618 3030 Plautum
638 2972 825 3031 observatum
847 2972 902 3044 sit',
925 2971 957 3030 id
980 2980 1023 3031 est
1046 2975 1084 3031 ‘in
1106 2973 1180 3053 pede
1195 2975 1288 3053 primo

141 3070 306 3157 septenarii,
335 3080 365 3136 in
390 3080 491 3158 quinto
513 3075 587 3156 pede
603 3080 781 3157 ,septenarii
811 3080 841 3135 in
865 3085 969 3157 quarto
990 3077 1066 3158 pede
1088 3080 1204 3138 senarii'
1226 3080 1288 3138 exi-

142 3187 255 3257 stimat,
290 3183 340 3244 sed
365 3186 453 3243 etiam
475 3203 525 3243 eas
546 3202 607 3241 non
626 3182 786 3263 improbat,
800 3191 804 3195 “
820 3182 926 3264 quibus
940 3183 1020 3243 'locis
1042 3195 1081 3242 ne
1101 3184 1147 3243 his
1171 3183 1288 3265 quidem

134 3289 249 3348 dinibus
271 3276 339 3347 usus
354 3288 510 3347 formarum
526 3287 642 3346 illarum
658 3277 971 3367 circumscriptua'ease
986 3286 1128 3347 videatur.
1174 3288 1289 3363 Quibus

141 3395 214 3454 locis
235 3394 293 3454 duo
316 3386 451 3474 exempla
474 3396 597 3473 optativi
622 3392 718 3452 ‘duim'
741 3392 959 3452 nobis-tradita
981 3401 1062 3452 aunt:
1119 3431 1121 3434 -
1223 3438 1230 3446 .

133 3488 148 3549 ι’
227 3498 334 3559 Pseud.
367 3498 428 3559 936
453 3499 591 3557 ‘Tantum
613 3498 667 3557 tibi
691 3497 761 3557 boni
783 3497 816 3555 di
837 3498 1016 3557 immortales
1043 3497 1127 3557 duint
1149 3500 1289 3578 quantum

144 3614 175 3665 tu
197 3604 252 3664 tibi
275 3605 379 3684 optes':
401 3605 426 3663 P
443 3602 532 3663 habet
544 3603 665 3677 2‘diunt’,
689 3621 763 3683 quaa
786 3610 831 3661 est
852 3597 997 3683 scriptura
1018 3605 1130 3672 usitata
1149 3602 1289 3664 librorum

141 3729 194 3788 pro
218 3704 328 3783 ‘duint',
362 3701 391 3767 Α
414 3701 472 3767 non
494 3700 602 3785 legitur
610 3717 622 3785 3³
639 3728 697 3787 quo
719 3701 777 3766 uno
800 3708 865 3767 loco
888 3705 1012 3768 verbum
1033 3706 1134 3768 ‘duint'
1163 3708 1235 3786 laga¹
1251 3709 1288 3769 de

144 3817 325 3893 correptione
347 3815 502 3873 verborum
524 3811 714 3873 iambieorum
738 3817 896 3873 constituta
919 3810 1102 3873 debilitatum
1132 3832 1185 3892 pro
1207 3831 1290 3893 pyrr-

141 3956 346 3967 --—.—-.

165 4038 167 4041 ·
234 4023 260 4092 1)
279 4022 334 4077 dou
352 4024 471 4091 priorem
490 4023 606 4093 formam
625 4022 730 4077 radicis
747 4039 821 4091 cose,
854 4039 869 4077 4
890 4039 945 4090 qua
971 4022 1044 4077 notio
1063 4037 1081 4075 a
1098 4022 1142 4077 W.
1160 4021 1289 4092 §chaldo

145 4112 176 4175 K.
197 4112 226 4167 Z.
247 4116 290 4180 27,
318 4116 371 4167 420
390 4129 449 4181 sqq.
477 4113 595 4178 inventis
611 4113 827 4169 ,condicionibus
852 4111 973 4179 donata
993 4112 1046 4177 ait,
1067 4111 1219 4178 uerisimile
1239 4116 1291 4181 eet.

144 4201 177 4255 cf.
197 4202 230 4256 H.
251 4201 388 4257 Pedersen
407 4202 440 4256 K.
460 4203 490 4257 Ζ.
504 4207 546 4271 38,
566 4207 627 4270 410,
646 4192 711 4257 Hirt
730 4202 826 4256 ablaut
845 4206 887 4269 32,
906 4200 1032 4255 Reichelt
1050 4200 1084 4255 Κ,
1097 4200 1126 4254 Ζ.
1140 4203 1183 4269 39,
1200 4191 1245 4256 43.

230 4294 258 4361 2)
278 4292 334 4346 scil,
355 4290 490 4360 creduam,
521 4291 641 4346 creduim
660 4308 677 4347 a
696 4291 789 4347 radiae
814 4290 867 4347 dhe
894 4289 1041 4346 secundum
1060 4290 1214 4359 analogiam
1233 4285 1289 4345 for·

139 4398 246 4436 marum
265 4366 357 4450 ‘duim
381 4368 524 4437 duam’‹,de
542 4369 613 4437 ‘'dou?
640 4382 824 4437 derivatorum
843 4368 996 4450 profectum
1018 4387 1076 4435 cot:
1107 4379 1142 4433 cf.
1165 4367 1290 4437 Solmaen

145 4470 212 4526 stud.
235 4476 356 4541 reema·
408 4502 410 4508 ·
497 4475 518 4511 .;
553 4486 555 4490 ·
769 4467 771 4470 ’
929 4519 937 4525 ,Α
1044 4522 1047 4525 ⁴
1236 4463 1238 4466 ’

231 4564 261 4631 3)
282 4564 364 4617 ‘neve’
383 4566 448 4622 ante
468 4578 613 4617 consonam
633 4578 766 4631 nusquam
778 4562 832 4617 nisi
845 4562 918 4615 Men.
932 4564 984 4616 795
997 4562 1118 4616 etMerc.
1131 4562 1184 4615 939
1202 4564 1287 4615 extat.
