3200 5217
852 420 890 476 18

290 587 425 651 bhudnas
455 611 493 651 ex
531 590 697 651 bhudmnas
728 591 785 672 (gr.
817 592 968 675 πυθμήν),
999 596 1086 674 pani·
1118 588 1288 675 (παλάμῃ),
1321 592 1444 672 paruam

294 694 373 774 (ahd.
389 692 484 778 farm),
507 695 610 757 bhr'rna
627 696 805 775 (bhdman-),
828 698 950 759 mahine'a
965 696 1137 777 (mahiman)
1153 707 1208 760 eta
1252 697 1295 777 (J.
1312 696 1451 759 Schmidt-

292 799 388 860 kritik
419 804 467 877 01,
487 800 560 881 114)
583 802 707 862 fortasse
737 805 769 861 in
790 798 901 872 πύανος
927 800 1121 888 Πυανεψίων,
1144 804 1181 862 cf.
1204 803 1266 866 ibd.
1296 806 1355 862 128
1371 822 1443 882 squ,

296 904 430 967 Solmsen
451 907 469 966 l.
486 928 509 967 c.
537 910 584 967 15.
631 907 837 982 Quaerendum
860 917 957 969 autem
980 919 1033 986 est,
1055 918 1152 970 utrum
1169 910 1244 969 forte
1266 912 1297 967 in
1319 917 1444 987 utraque

293 1011 396 1090 lingua
418 1012 520 1073 eadem
542 1012 728 1073 dissimilatio
751 1017 782 1072 in
812 1013 914 1075 eodem
943 1014 1032 1074 verbo
1055 1023 1210 1095 usurpata,
1244 1035 1283 1082 an
1316 1033 1368 1093 per
1398 1032 1442 1072 re-

295 1120 396 1196 giones
418 1118 537 1195 linguae
556 1118 688 1180 Graecae
711 1127 740 1179 et
763 1120 886 1179 Italicae
908 1122 980 1181 haec
1002 1124 1126 1180 mutatio
1150 1140 1187 1180 ex
1209 1141 1267 1179 uno
1290 1118 1356 1178 loco
1378 1139 1442 1199 per-

295 1232 404 1302 vagata
447 1228 502 1299 sit,
549 1229 599 1305 qui
641 1240 797 1285 consensus
831 1226 997 1304 linguarum
1030 1228 1219 1286 finitimarum
1248 1224 1444 1285 memorabilis

296 1338 379 1389 esset.
433 1331 480 1409 (cf.
504 1329 541 1391 de
562 1332 618 1390 hac
640 1336 811 1413 quaestione
833 1336 885 1413 qui
906 1334 1002 1393 ultimi
1034 1341 1156 1412 egerunt
1176 1333 1249 1391 Hirt
1269 1353 1312 1410 gr.
1335 1351 1380 1408 gr.
1404 1332 1443 1389 23

294 1456 359 1517 squ.
383 1443 412 1495 et
433 1435 582 1497 Pedersen
604 1438 644 1497 K.
661 1439 703 1514 Ζ,
721 1442 771 1514 88,
788 1436 894 1517 3411).

381 1542 493 1602 Eodem
516 1544 603 1603 modo
626 1544 719 1603 forma
742 1544 866 1625 ‘poplns’
890 1546 955 1604 loco
976 1547 1147 1624 posterioris
1168 1546 1280 1605 formae
1302 1544 1444 1625 ‘populus’

294 1652 398 1729 posita,
432 1668 507 1727 quae
534 1650 744 1710 ‘Svauabhacti’
770 1652 866 1710 vocali
889 1660 975 1711 aucta
998 1660 1042 1711 est
1065 1650 1112 1730 (cf.
1134 1649 1246 1733 supra),
1269 1657 1445 1730 anapaestus

294 1757 371 1815 notis
394 1755 614 1815 condicionibus
636 1778 695 1816 non
717 1766 872 1816 excusatus
895 1757 985 1817 Stich.
1010 1759 1089 1832 490,
1113 1760 1259 1816 evitatur:-

383 1860 434 1920 ‘At
457 1864 484 1920 ei
507 1869 636 1921 oratores
659 1872 727 1921 sunt
748 1863 846 1944 popli,
878 1865 983 1922 summi
1011 1862 1091 1939 viri';
1114 1862 1230 1943 ‘populi'
1253 1861 1395 1942 praebent
1417 1860 1446 1919 A

295 1974 326 2027 et
347 1967 380 2026 P.
427 1966 539 2029 Ceteris
561 1968 634 2027 locis
658 1970 779 2050 ‘poplus'
804 1972 833 2026 in
856 1969 914 2028 fine
939 1989 1040 2028 versus
1062 1971 1226 2044 invenitur;
1248 1990 1316 2027 nam
1338 1970 1447 2026 iniuria

295 2060 520 2133 Goetz-Schoell
534 2074 640 2134 Pseud.
659 2078 720 2133 178
744 2078 775 2133 in
794 2083 970 2154 anapaestos
986 2075 1091 2155 ‘poplo'
1113 2095 1166 2155 pro
1188 2074 1297 2133 tradito
1320 2072 1445 2153 ‘populo'

294 2182 478 2238 inseruerunt
490 2175 520 2254 2).

385 2283 460 2344 Oum
493 2283 571 2363 apud
595 2284 767 2343 Terentium
796 2285 907 2345 formae
930 2294 1096 2345 contractae
1117 2285 1199 2344 verbi
1222 2284 1316 2343 ‘malo’
1338 2284 1446 2343 formas

296 2410 355 2449 non
390 2398 553 2449 contractas
587 2390 754 2474 expulerint
787 2391 943 2471 (nusquam
975 2396 1033 2451 nisi
1061 2392 1133 2451 Hec.
1159 2394 1220 2451 540
1251 2390 1384 2449 ‘mavolo'
1414 2393 1445 2449 in

296 2496 354 2555 fine
376 2515 480 2556 versus
503 2496 558 2556 hae
581 2496 690 2555 formae
713 2497 835 2575 extant),
858 2498 983 2557 Plautus
1005 2518 1092 2577 saepe
1112 2505 1227 2578 praeter
1248 2497 1357 2555 formas
1380 2516 1446 2554 con-

295 2610 405 2662 tractas
438 2602 529 2661 verbo
564 2622 623 2661 non
653 2610 801 2661 contracto
835 2607 927 2663 utitur
956 2604 1004 2682 (ef.
1028 2604 1161 2663 Solmsen
1191 2602 1263 2662 stud.
1299 2603 1338 2661 55
1363 2602 1445 2681 squ).

296 2707 355 2768 Sed
378 2710 437 2766 iam
460 2708 507 2766 his
530 2708 710 2788 temporibus
731 2708 841 2767 formas
862 2730 922 2768 non
958 2717 1122 2768 contractas
1145 2712 1280 2787 antiquas
1299 2707 1391 2767 'tuisse
1413 2727 1446 2777 eo

297 2813 520 2893 comprobatur,
558 2813 637 2893 quod
670 2834 738 2873 usus
769 2834 867 2873 earum
895 2818 981 2874 certis
1003 2815 1109 2874 finibus
1131 2817 1366 2892 circumscriptus
1388 2822 1446 2871 est:

297 2940 443 2999 nusquam
466 2921 544 2978 enim
566 2922 624 2978 nisi
647 2922 678 2977 in
699 2919 758 2979 fine
780 2940 882 2979 versus
904 2922 1092 2979 inveniuntur
1116 2927 1204 2999 atque
1226 2928 1294 2979 ante
1315 2919 1447 2977 ultimam

300 3024 458 3105 dipodiam,
496 3046 553 3105 quo
582 3026 647 3084 loco
676 3026 732 3085 hae
755 3034 838 3085 sunt:
869 3026 953 3085 Asin.
978 3029 1055 3100 877,
1078 3026 1146 3084 Aul.
1171 3030 1242 3099 661,
1266 3023 1350 3104 Oapt.
1377 3027 1447 3104 270,

297 3131 386 3191 Mere.
405 3133 476 3205 356,
499 3130 608 3193 Pseud.
625 3134 696 3207 728,
727 3132 817 3193 'l'ruc
836 3131 907 3194 277.
942 3132 1048 3192 Pseud.
1074 3135 1134 3191 140
1158 3136 1210 3191 ‘est
1240 3150 1338 3191 eorum
1366 3150 1447 3210 opus,

297 3272 506 3282 --—--.-.

390 3341 417 3411 1)
438 3342 565 3395 Ceterum
595 3341 689 3396 eadem
717 3340 928 3395 dissimilatione
954 3341 984 3394 in
1010 3340 1146 3407 quomiam
1168 3339 1344 3393 labiovelaris
1362 3357 1389 3391 m
1408 3355 1447 3393 sc·

301 3437 428 3500 quantem
447 3430 475 3484 in
494 3448 512 3484 n
531 3436 732 3486 transmutasse
751 3437 858 3499 potest:
888 3430 922 3485 cf.
951 3431 1062 3484 loimos:
1091 3431 1179 3497 limus,
1208 3430 1324 3483 cloivos:
1354 3430 1447 3497 olivus,

297 3521 418 3589 loiquai:
437 3521 514 3589 liqui,
525 3520 646 3575 fortasse
659 3522 733 3589 quoi:
750 3521 813 3589 quei
824 3522 959 3591 (Solmsen
968 3520 1001 3573 K.
1016 3521 1045 3573 Z.
1059 3524 1102 3585 88,
1118 3523 1170 3573 453
1181 3525 1208 3573 et
1220 3518 1281 3572 adn.
1296 3520 1333 3588 2.)
1353 3520 1447 3585 Neque

299 3606 444 3680 quicquam
471 3610 605 3679 impedire
633 3610 753 3665 libenter
782 3610 915 3677 concedo,
946 3610 969 3664 si
998 3611 1058 3676 quis
1087 3610 1127 3662 ita
1155 3609 1292 3677 explicare
1315 3608 1447 3677 praefert,

300 3702 443 3769 quominus
463 3717 490 3752 m
508 3701 536 3753 in
555 3717 573 3753 n
593 3700 801 3754 dissimilatione
822 3700 930 3754 labialis
950 3698 1136 3753 antecedentis
1153 3698 1295 3752 transiisse
1314 3705 1448 3765 putemus,

300 3790 324 3844 si
342 3790 541 3858 {semivocalis
562 3791 689 3844 continue
709 3790 890 3858 sequebatur,
919 3790 1047 3856 quoniam
1065 3788 1186 3842 velutin
1212 3790 1305 3854 ‘vomo,
1334 3786 1447 3840 familia’

299 3879 472 3934 dissimilatio
491 3896 546 3933 non
567 3885 651 3934 extat.
691 3880 766 3947 Quae
785 3880 869 3934 si'ita
888 3885 988 3947 essent,
1007 3879 1064 3931 nin
1074 3883 1220 3947 praesente
1239 3877 1352 3945 glamio,
1372 3877 1447 3931 cuius

296 3970 307 4038 j
329 3969 393 4023 olim
412 3970 440 4022 in
461 3970 585 4023 omnibus
605 3968 731 4037 personis
751 3975 815 4023 ante
835 3969 938 4023 exitum
956 3983 1091 4037 personae
1109 3966 1271 4035 apparebat,
1298 3966 1448 4033 formisque

301 4075 318 4113 a
336 4065 482 4127 praesente
502 4058 633 4113 derivatis
653 4064 746 4115 natum
765 4059 793 4112 in
807 4058 902 4126 lingua
920 4058 1018 4112 italica
1036 4075 1063 4109 m
1082 4074 1115 4111 ex
1134 4056 1232 4110 ceteris
1245 4054 1341 4109 formis
1359 4054 1449 4109 detur-

299 4149 382 4202 bavit.
429 4148 598 4217 Quamquam
630 4147 725 4202 dubito
754 4146 991 4202 dissimilationem
1018 4148 1068 4202 hoc
1097 4146 1176 4200 modo
1204 4146 1232 4199 in
1263 4151 1352 4199 certos
1380 4144 1447 4199 fines

299 4239 480 4307 restringere3
500 4237 535 4293 cf.
556 4239 679 4293 Solmsen
698 4238 716 4292 l.
730 4238 748 4292 l.

390 4329 419 4398 2)
439 4328 496 4382 Leo
517 4327 617 4398 ‘poplo’
636 4328 665 4380 in
683 4328 801 4397 primum
820 4327 918 4397 pedem
937 4327 1051 4382 bacchei
1070 4326 1227 4382 tetrametri
1239 4323 1447 4380 inseruitPoen.

300 4424 351 4476 227
372 4424 400 4474 et
413 4418 512 4474 Pseud.
530 4420 606 4488 1129,
619 4424 715 4487 metro,
729 4423 760 4473 ut
773 4417 879 4490 opinor,
899 4435 952 4472 non
972 4422 1095 4487 coactus,
1109 4416 1143 4473 cf.
1155 4417 1272 4489 Spengel
1285 4416 1448 4473 resormvor·

299 4513 410 4581 schlage
429 4514 482 4566 272
501 4526 560 4581 squ.
