3200 5217
867 480 906 540 36

317 653 420 715 borum
442 656 633 715 iambicorum
657 660 815 715 constituta
845 656 975 727 vocalem
1007 659 1120 733 origine
1147 656 1264 733 longam
1293 660 1390 716 exitus
1418 677 1460 717 se·

316 760 429 820 caudae
452 768 481 820 51
503 748 609 821 1511155
627 782 768 840 personae
790 783 834 839 eg.
859 782 952 840 praes.
976 770 1005 821 et
1027 760 1172 821 secundae
1200 782 1273 841 pers.
1295 783 1337 840 sg.
1361 765 1459 841 imper.

314 866 476 925 breviatam
489 863 522 945 ¹),
553 874 615 925 tum
645 886 682 926 ex
705 870 741 925 iis
764 866 865 927 formis
887 866 1005 926 brevem
1029 868 1159 927 vocalem
1181 867 1460 927 secuudumaualo·

313 976 393 1051 giam
415 971 570 1032 verborum
593 973 830 1048 thematicorum,
862 993 938 1052 quae
965 971 1116 1048 dicuntur,
1149 976 1181 1032 iu
1215 982 1326 1033 ceteras
1354 974 1461 1033 formas

313 1076 418 1145 horum
449 1076 603 1136 verborum
638 1077 809 1137 translatam
841 1097 920 1152 esse,
954 1086 1100 1156 postremo
1135 1081 1165 1136 in
1199 1078 1391 1159 deponentia,
1424 1100 1460 1139 ex

312 1183 418 1262 quibua
445 1182 547 1241 formis
577 1182 643 1260 lege
675 1183 793 1261 linguae
824 1182 943 1242 brevem
965 1183 1096 1243 vocalem
1127 1185 1210 1243 nulla
1239 1188 1269 1243 iu
1291 1185 1359 1249 loco,
1378 1185 1459 1263 longi

313 1290 341 1347 ‘i’
363 1308 471 1367 ponere
492 1290 596 1367 potuit,
626 1291 777 1369 irrepsisse
798 1296 924 1347 censent.
969 1289 1104 1359 Revera
1127 1293 1257 1349 enimin
1281 1291 1459 1368 115355115-

313 1397 377 1453 tina
399 1395 541 1454 nonnulla
562 1394 669 1469 verba,
699 1412 823 1474 quorum
845 1380 930 1453 radix
952 1394 1069 1455 brevem
1094 1396 1225 1456 vocalem
1246 1396 1353 1472 habet,
1385 1416 1459 1477 quae

312 1508 416 1580 postea
444 1499 604 1559 secundum
633 1503 750 1559 tertiam
785 1499 958 1573 flectuntur,
991 1499 1101 1558 formas
1134 1500 1291 1560 secuudum
1325 1510 1459 1581 quartam

313 1604 471 1665 ostendunt
492 1603 542 1682 (ci.
565 1610 668 1683 cupire
681 1598 734 1693 etc.
768 1604 854 1664 Neue
875 1599 949 1663 ΙΙΙ1
972 1607 1033 1663 242
1049 1605 1135 1684 sqq),
1156 1614 1225 1665 ante
1246 1615 1342 1666 cetera
1364 1616 1460 1667 autem

312 1709 423 1769 formae
445 1707 651 1788 deponentium
666 1718 695 1769 et
711 1712 846 1789 passivae
860 1710 979 1787 longam
994 1710 1124 1769 vocalem
1142 1710 1284 1790 praebent
1294 1711 1325 1789 ²).
1371 1710 1460 1789 Apud

312 1815 451 1874 Plautum
473 1835 630 1894 numquam
653 1818 709 1874 nisi
739 1814 816 1895 apud
848 1813 1024 1893 deponentia
1053 1824 1083 1874 et
1103 1819 1224 1894 passiva
1245 1816 1356 1875 formae
1377 1819 1458 1884 ¹inve·

311 1925 446 1995 niuntur,
480 1940 555 2000 quae
589 1930 690 1980 contra
712 1942 794 1981 usum
827 1922 996 1999 posterioris
1018 1924 1123 1980 aetatis
1145 1921 1304 1980 secundum
1327 1931 1459 2002 quartam

312 2028 546 2105 coniugationem
568 2026 723 2085 flectuntur
745 2035 868 2106 excepto
900 2047 957 2085 uno
981 2047 999 2084 a
1020 2026 1210 2106 Philargyrio
1233 2025 1271 2086 ad
1293 2028 1382 2105 Verg.
1407 2028 1458 2087 ecl.

313 2135 341 2206 2,
360 2134 398 2191 63
431 2131 520 2191 511515
555 2132 668 2212 ‘parire’
701 2131 904 2192 eVidularia.
940 2130 990 2209 (cf.
1023 2131 1146 2208 Langen
1167 2131 1186 2190 l.
1207 2131 1252 2209 c).
1305 2132 1458 2211 Nusquam

310 2246 407 2297 autem
430 2236 541 2297 formae
563 2236 706 2297 iambicae
729 2245 832 2297 extant
853 2246 983 2315 praeter:

308 2384 314 2391 ’·
399 2363 430 2419 15
452 2368 557 2440 quarta
580 2363 639 2419 arsi
662 2362 740 2422 Men.
765 2363 823 2420 921
858 2362 994 2439 ‘potionis
1017 2358 1129 2439 aliquid
1154 2362 1236 2439 prius
1258 2380 1344 2439 quam
1367 2362 1459 2438 perci-

310 2468 355 2549 pit
376 2465 521 2525 insania’?

398 2588 482 2649 Oura.
510 2590 571 2647 364
613 2586 724 2647 Laudo.
778 2587 914 2647 Laudato
937 2586 1055 2668 quando
1085 2586 1162 2646 illud
1184 2586 1263 2666 quod
1286 2590 1369 2666 cupis
1391 2588 1458 2647 effa-

312 2690 421 2773 cer03).

397 2819 489 2878 Persa
506 2820 568 2877 398
587 2815 644 2877 ‘vel
666 2827 699 2877 tu
720 2836 766 2877 me
785 2816 880 2877 vende
902 2817 950 2877 vel
973 2817 1036 2876 face
1059 2814 1131 2895 quid
1152 2814 1208 2873 tibi
1229 2814 1319 2875 lubet’
1339 2814 1389 2895 (A.
1400 2816 1457 2896 R),

308 2927 341 2984 in
363 2924 499 2983 baccheia
523 2923 628 3002 Amph.
654 2924 714 2982 555
740 2922 837 2998 lacis,
868 2913 902 2981 rit
930 2925 989 2981 tuis
1018 2922 1099 2981 nulla
1121 2920 1200 2999 apud
1222 2929 1251 2980 te
1272 2920 1345 2981 fides
1367 2920 1457 2999 sit’⁴).

398 3207 424 3275 1)
445 3222 479 3259 ex
498 3210 591 3275 capis:
621 3205 711 3274 capis,
738 3222 772 3258 ex
792 3209 872 3273 capi:
901 3209 978 3273 capi,
1006 3203 1034 3257 id
1061 3209 1103 3258 551
1130 3207 1212 3272 cape,
1236 3202 1270 3259 de
1296 3220 1351 3271 qua
1368 3202 1458 3259 forma

307 3294 380 3349 15155
399 3296 521 3349 Sommer
539 3295 557 3348 l.
578 3312 599 3349 c.
1329 3355 1332 3359 ,

400 3386 428 3454 2)
448 3383 482 3439 dc
500 3383 594 3439 Plauti
622 3400 673 3438 usu
702 3384 737 3438 cf.
757 3383 872 3452 Langen
900 3384 1022 3454 symbola
1049 3387 1084 3438 82
1113 3398 1172 3450 squ.
1200 3384 1309 3437 brevem
1336 3384 1457 3438 vocalem

307 3480 405 3527 contra
422 3489 501 3526 usum
520 3473 635 3541 praebet
653 3472 773 3527 fortasse
792 3473 913 3526 verbum‘
930 3472 1057 3541 experiri’
1076 3472 1202 3527 0151221
1224 3472 1382 3524 ‘marittimis
1402 3487 1457 3524 mo-

307 3562 383 3616 ribus
403 3580 507 3617 mecum
527 3562 676 3631 experitdr’
696 3563 723 3614 iu
743 3563 911 3630 anapaestis,
931 3561 1004 3629 quod
1023 3560 1191 3630 5151151115
1211 3560 1372 3629 ‘expeditur'
1392 3562 1458 3615 scri·

309 3653 392 3707 batur
410 3666 521 3706 necesse
541 3658 600 3720 cst,
620 3652 688 3705 nihil
708 3652 779 3705 enim
799 3657 841 3705 est
860 3652 1025 3719 ’5155111511
1052 3651 1178 3719 ‘cupitus’
1198 3650 1275 3704 brevi
1293 3649 1319 3702 ‘i'
1338 3663 1458 3718 pronun·

308 3742 395 3797 tiatus
414 3748 511 3795 contra
530 3742 660 3795 usitatum
680 3743 808 3809 ‘cupitus’
827 3741 940 3809 (cupivi)
965 3739 1113 3794 secundum
1132 3740 1285 3808 analogiam
1304 3739 1460 3794 denomina-

306 3832 425 3885 tivorum
445 3832 588 3885 verborum
608 3830 756 3884 formatum
774 3830 896 3884 fortasse
914 3830 998 3883 Mero.
1019 3833 1084 3883 841:
1107 3830 1154 3883 ‘ibi
1175 3828 1283 3896 quidem
1302 3830 1326 3883 51
1344 3846 1458 3897 regnum

306 3919 394 3989 detur,
414 3937 468 3974 non
489 3926 530 3975 cst
552 3920 645 3989 cupita
665 3920 769 3987 civitas,
789 3920 853 3990 (‘est
870 3919 971 3988 cupita’
986 3920 1012 3971 0.
1028 3920 1069 3986 D,
1090 3923 1141 3973 ‘est
1154 3917 1260 3987 cupida’
1275 3919 1317 3988 B),
1336 3918 1457 3973 Weisius

304 4010 333 4064 in
352 4014 455 4079 ‘cupita
476 4010 526 4064 est'
546 4010 725 4077 transposuit.

394 4101 423 4169 3)
442 4100 648 4168 Kampmannus
663 4099 680 4153 1.
695 4115 717 4152 c.
732 4116 758 4167 p.
772 4103 788 4152 7
802 4098 838 4151 ad
851 4098 923 4151 hunc
935 4114 1042 4151 versum
1056 4097 1186 4151 adnotat:
1211 4098 1305 4165 ‘cupis’
1319 4114 1370 4167 pro
1383 4098 1457 4153 iusto

305 4176 435 4245 trochaeo
465 4176 576 4255 haberi,
605 4195 636 4241 ut
664 4189 701 4242 511
727 4188 837 4241 verbum
867 4193 982 4254 quartae
1007 4176 1457 4255 55515551151115151.81155151.

303 4279 519 4343 (1551515201,
539 4284 624 4344 utque
643 4277 788 4333 voluerunt
808 4277 886 4331 Grut.
914 4282 942 4330 et
960 4277 1061 4344 Both.),
1086 4282 1160 4330 vetat
1179 4277 1249 4330 51155
1269 4276 1361 4331 Plauti
1379 4277 1456 4331 locus

301 4372 377 4426 Asin.
399 4376 422 4440 l,
439 4377 461 4439 1,
475 4375 509 4425 70
529 4372 586 4425 ...’
1443 4443 1448 4449 ⁴

293 4516 295 4521 ,
390 4462 519 4530 41515115
549 4461 672 4516 incertus
701 4477 797 4516 versus
825 4460 989 4515 bacchiacus
1009 4460 1090 4515 Truc.
1110 4462 1162 4515 555
1189 4459 1296 4514 ‘domist
1323 4461 1370 4528 qui
1387 4460 1456 4518 15511

304 4536 430 4621 improba
450 4550 526 4606 facta
546 4553 664 4606 amator’
684 4550 790 4605 duabus
810 4550 923 4621 syllabis
943 4548 1109 4629 ancipitibus
1129 4549 1288 4627 instructus.
