3200 5217
864 478 905 533 48

241 704 244 711 .
312 651 342 712 ‘i'
366 648 481 721 cadunt,
509 648 637 728 praebat.
683 648 733 727 (in
755 650 829 706 marl
852 647 955 707 elavi':
987 647 1082 706 ‘elavi’
1111 666 1163 724 pro
1187 649 1224 704 ‘et
1247 645 1308 703 alii'
1331 646 1459 703 correxit

311 756 404 833 Pius).
459 754 581 813 Hiatum
616 761 683 833 post
717 753 878 813 ablativum
912 773 954 831 ag.
979 754 1113 831 stirpium
1147 754 1178 809 in
1200 751 1236 808 ‘u’
1263 750 1458 809 desinentium

311 861 431 941 praebet
453 859 537 939 Capt.
563 862 625 918 476
649 864 746 939 ‘quam
776 862 808 917 in
839 857 918 917 tribr'r
949 866 1050 938 aperto
1084 859 1180 937 capite
1202 864 1301 914 sontes
1323 854 1458 915 condem·

312 975 384 1025 nant
405 961 520 1043 reos’¹)‚
638 1028 640 1033 ,

398 1071 511 1131 Eodem
533 1068 620 1129 modo
642 1078 729 1149 atque
752 1068 845 1144 ‘mad',
867 1068 935 1142 ted',
958 1068 1036 1148 apud
1055 1068 1194 1144 Plautum
1215 1067 1287 1130 ‘rad'
1310 1074 1458 1126 servatum

311 1198 374 1239 esse
396 1176 529 1255 Lindsay
553 1175 673 1253 (Wollfl.
697 1176 773 1234 arch.
796 1178 843 1250 10,
868 1175 943 1253 550)
965 1177 1129 1253 suspicatus
1143 1172 1264 1250 :est;'(cf.
1282 1172 1365 1251 Capt.
1389 1174 1457 1239 intr.

311 1304 378 1365 pag.
395 1283 454 1361 17),
475 1289 577 1341 contra
595 1300 680 1360 quem
694 1279 938 1339 Maurenbrcche'r
956 1280 1045 1358 (216.)
1057 1275 1231 1358 disputat-²),
1252 1280 1301 1357 qui
1313 1298 1380 1357 pag.
1395 1279 1457 1335 128

229 1444 236 1449 .
312 1392 359 1449 ‘re'
376 1390 488 1448 hiatum
503 1388 615 1447 efficere
631 1389 761 1467 potuisse
778 1395 857 1446 ratus
880 1389 939 1444 159
960 1385 1072 1443 hiatum
1088 1383 1210 1444 ablativi
1226 1382 1393 1446 ‘re'ldurch
1410 1380 1459 1441 die

313 1498 443 1555 axistcnz
478 1496 557 1553 einer
590 1492 825 1572 doppclzeiti'gen
857 1491 967 1569 linge’,
1000 1509 1075 1569 quae
1109 1488 1338 1569 ‘doppelzeitige’
1370 1487 1459 1564 longa

313 1600 426 1681 syllaba
449 1600 649 1658 contractione
670 1606 740 1656 nata
762 1617 855 1677 usque
877 1596 914 1654 ad
937 1596 1076 1654 Plautum
1099 1603 1216 1654 servata
1237 1596 1284 1667 sit,
1315 1592 1459 1674 explicat!

307 1706 394 1785 laici)
418 1703 564 1765 Sed-Aul.
592 1707 650 1763 141
676 1704 726 1765 ‘re'
748 1706 908 1784 iusquarta
929 1704 987 1760 arsi
1010 1706 1073 1759 ‘nec
1094 1700 1151 1759 tibi
1173 1699 1325 1759 advorsari
1348 1707 1457 1757 certum

313 1821 358 1873 cst
380 1810 417 1871 dc
439 1814 513 1870 istac
535 1829 566 1869 re
588 1829 735 1887 umquam,
758 1809 855 1882 soror',
878 1808 966 1868 Merc.
992 1809 1052 1865 620
1066 1797 1107 1865 viu
1130 1804 1260 1865 secunda
1281 1808 1338 1863 arsi
1362 1811 1459 1863 extat:

309 1920 369 1982 '‘De
390 1920 464 1976 istac
486 1916 518 1975 re
541 1923 661 1993 argutus
684 1934 730 1989 aa,
765 1921 798 1973 ut
831 1934 885 1994 par
913 1915 976 1991 pari
999 1911 1192 1991 respondeas’.
1246 1911 1349 1990 ltaque
1379 1910 1460 1969 solus

311 2022 419 2085 Pseud.
445 2023 483 2080 19
509 2020 559 2099 (Α.
575 2020 623 2099 Ρ.)
647 2028 751 2079 restat:
784 2017 900 2078 ‘iuvabo
932 2026 983 2077 aut
1007 2018 1046 2097 're
1078 2025 1128 2076 aut
1154 2036 1242 2096 opera
1264 2023 1316 2074 aut
1338 2014 1459 2074 consilio

312 2129 406 2203 hono',
428 2127 478 2186 ubi
501 2126 563 2185 fieri
585 2132 690 2204 potest
712 2132 746 2183 ut
766 2124 864 2184 hiatus
886 2131 954 2204 post
976 2120 1103 2182 ‘iuvabo’
1126 2121 1251 2181 traditus
1273 2116 1354 2199 sit³).

399 2233 500 2312 Usque
523 2230 559 2289 ad
583 2231 661 2289 hunc
688 2230 783 2289 locum
807 2249 841 2289 ca
860 2230 1029 2314 ‘testimonia
1051 2226 1185 2307 syllabae
1201 2228 1338 2307 ancipitis
1353 2228 1392 2301 ‘in
1415 2242 1459 2285 se-

313 2338 409 2398 cunda
432 2345 461 2396 et
483 2344 587 2415 quarta
609 2338 667 2393 arsi
690 2332 817 2394 traditae
839 2334 941 2408 attuli,
971 2346 1046 2412 qnae
1078 2332 1169 2391 thesis
1190 2331 1394 2410 monosyllaba
1416 2349 1460 2389 sc-

249 2492 252 2499 .
308 2443 464 2524 ‘quebatun
496 2448 528 2500 ut
550 2444 574 2499 si
598 2448 676 2499 recte
697 2460 797 2499 versus
820 2438 945 2499 traditos
967 2458 1030 2497 esse
1053 2458 1209 2518 agnoscas,
1237 2437 1299 2496 fieri
1327 2455 1386 2495 non
1409 2455 1461 2514 po:-

313 2551 417 2621 tuerit‚
450 2549 521 2626 quin
554 2545 697 2625 syllabam
731 2547 888 2625 ancipitem
930 2548 961 2603 in
999 2541 1182 2603 antecedenti
1214 2545 1270 2600 arsi
1290 2542 1462 2619 legeremus.

312 2654 388 2715 Sed
405 2654 544 2727 fortasse,
569 2650 627 2710 ubi
661 2651 751 2710 thesis
783 2654 915 2730 sequitur
944 2648 1087 2709 dissoluta
1115 2648 1233 2708 brevem
1262 2646 1406 2727 syllabam
1429 2647 1461 2704 in

311 2761 372 2821 arsi
395 2755 522 2817 secunda
543 2765 596 2814 aut
619 2762 721 2834 quarta
744 2754 935 2828 collocatam,
967 2753 1128 2833 praeferas,
1148 2773 1235 2829 non,
1268 2773 1326 2833 qua
1347 2754 1461 2810 ratione

231 2946 233 2948 Ι
310 2886 389 2924 nunc
411 2862 544 2942 syllabae
566 2860 787 2935 distribuuntur,
811 2860 874 2919 scil.
898 2864 948 2934 ita,
972 2868 1005 2919 ut
1019 2861 1093 2918 arsis
1113 2859 1215 2918 ultima
1238 2857 1354 2938 syllaba
1377 2856 1459 2916 verbi

311 2964 559 3031 antecedentisct
581 2969 675 3045 prima
697 2965 813 3045 syllaba
835 2965 916 3025 verbi
940 2967 1088 3044 sequentis
1110 2963 1271 3037 efficiatur,
1303 2963 1379 3039 legi,
1408 2960 1460 3021 aad

312 3080 363 3150 ita,
394 3084 427 3134 ut
458 3073 575 3133 brevem
606 3071 751 3152 syllabam
784 3071 865 3130 verbi
894 3070 1094 3129 antecedentis
1117 3069 1164 3128 his
1186 3089 1288 3129 versus
1310 3068 1384 3127 locis
1406 3088 1461 3146 pro

310 3182 402 3257 longa
423 3178 584 3238 adhibitam
608 3196 669 3237 esse
691 3186 819 3250 statuaa,
853 3196 911 3255 qua
933 3180 1063 3249 ratione5
1092 3178 1132 3234 si¹
1147 3174 1245 3234 hiatus
1273 3182 1369 3248 extat,
1400 3174 1461 3250 legi

314 3305 430 3346 necesse
461 3292 513 3344 est.
568 3283 657 3342 Velut
687 3285 711 3341 si
734 3302 838 3341 versus
870 3284 932 3341 exit
961 3283 991 3339 in
1019 3280 1193 3339 vocabulum
1225 3280 1462 3359 pyrrhichiacnm

312 3393 379 3472 (aut
411 3393 442 3449 in
475 3388 649 3449 vocabulum
678 3388 849 3467 pyrrhichio
879 3386 1002 3465 linitum)
1035 3396 1064 3445 et
1095 3388 1312 3465 anapaesticum
1335 3392 1365 3443 et
1385 3387 1460 3441 iam-

314 3498 410 3557 hicum
442 3494 588 3574 (exempla
619 3491 697 3571 apud
721 3494 880 3551 Luchsium
904 3491 985 3551 Stud.
1010 3491 1086 3551 stud.
1110 3491 1205 3570 Ι17),
1227 3512 1285 3549 non
1319 3489 1462 3550 dissoluta

312 3609 419 3682 ‚quarta
442 3604 497 3659 arsi
522 3602 655 3660 excusari
679 3598 751 3657 duos
774 3598 896 3672 iambos,
910 3601 961 3677 qui
982 3618 1099 3657 versum
1118 3595 1266 3670 claudunt,
1291 3616 1374 3675 quem
1398 3596 1461 3653 exi·

314 3703 376 3767 tum
398 3726 541 3786 nusquam
570 3706 626 3763 nisi
659 3706 744 3763 certis
768 3702 990 3763 condicionibus
1011 3701 1169 3761 admissum
1192 3721 1256 3761 csse
1278 3704 1341 3780 ipsc
1363 3699 1461 3758 Luch-

311 3972 317 3985 ,
396 3936 434 4003 l)
453 3936 521 3988 item
546 3940 610 4003 post
636 3932 724 3987 ‘intro’
745 3930 891 3987 secundum
910 3931 1035 4000 exempla
1054 3948 1072 3985 1
1089 3930 1178 3984 Maur.
1199 3932 1251 3983 210
1271 3928 1386 3983 collecta
1404 3928 1462 3983 hia·

314 4034 359 4081 tus
388 4025 416 4079 in
436 4024 493 4087 arsi
512 4029 588 4099 artat
613 4023 697 4077 Marc.
717 4026 784 4077 801:
805 4022 923 4090 iubeas,
949 4022 973 4077 ai
992 4022 1101 4090 sapias,
1130 4022 1198 4075 haec
1216 4020 1290 4076 intro
1309 4017 1463 4084 anfortior,

310 4118 342 4194 in
362 4122 462 4184 quarta
481 4114 545 4180 arsi,
564 4119 627 4189 post
644 4111 731 4191 ‘tadeo'
758 4113 786 4165 in
813 4111 933 4167 secunda
954 4111 1011 4165 arsi
1028 4111 1113 4165 Marc.
1134 4113 1203 4164 1024
1231 4110 1308 4163 ‘haec
1335 4107 1404 4163 adet
1431 4113 1464 4162 ut

315 4224 349 4261 ex
377 4206 429 4257 hac
455 4190 542 4258 nocte
552 4203 669 4272 primum
686 4204 732 4256 lex
755 4208 849 4257 teneat
868 4198 970 4269 senes’3
990 4199 1137 4255 verisimile
1155 4206 1198 4254 est
1217 4200 1319 4254 exitum
1337 4197 1401 4251 ·‘od'
1420 4196 1464 4251 iu·

312 4296 376 4361 isse.
416 4292 450 4349 cf,
469 4292 591 4363 Lindsay
609 4293 658 4347 lat.
678 4308 717 4361 gr.
738 4295 797 4347 653.

400 4385 433 4453 ι2)
453 4382 488 4437 ef.
508 4382 622 4438 cundem
643 4386 693 4437 128
712 4382 773 4436 adn.
796 4386 809 4435 1
830 4386 858 4436 et
876 4380 1011 4450 chding
1030 4383 1073 4436 41.

352 4465 354 4468 ’
406 4477 432 4542 3)
451 4474 523 4527 Num
541 4472 560 4527 d
578 4472 691 4527 ablativi
715 4472 792 4527 verbi
819 4471 882 4525 ‘ras’
901 4471 1001 4525 Pacuv.
1023 4474 1073 4524 137
1093 4470 1138 4541 (a.
1158 4469 1253 4539 Trag.)
1271 4467 1391 4536 aliquam
1410 4465 1464 4520 rim

315 4568 344 4624 in
362 4564 437 4619 thesi-
453 4562 606 4631 retinuerit,
623 4562 722 4618 iterum
741 4579 795 4617 non
815 4562 940 4616 decemo.
