3200 5217
724 477 740 537 5

202 686 204 690 ,
238 638 603 729 =Diacresissignificatur
623 652 706 711 hiatu
732 661 765 711 et·
787 638 903 732 syllaba
922 656 1100 734 ancipitisi
1122 662 1209 734 poeta
1231 652 1311 713 diae-
1384 640 1390 645 ⁴

165 759 222 815 resi
244 765 311 836 post
335 760 413 816 arsin
437 758 563 837 aliquam
586 759 685 816 utitur.
731 758 831 837 Atque
854 778 954 817 revera
984 762 1015 818 in
1038 759 1145 818 fabulis
1167 760 1313 818 Plautinis

164 882 222 920 non
245 867 340 942 pauca
371 863 506 943 exempla
527 866 723 937 inveniuntur,
752 884 828 943 quae
849 863 966 923 brevem
989 864 1133 943 syllabam
1153 867 1184 923 in
1207 872 1311 943 quarta

164 975 213 1025 aut
236 967 364 1026 secunda
387 972 445 1027 arsi
468 968 640 1028 collocatam
662 968 836 1049 productam
859 968 1023 1029 ostendunt.
1079 970 1191 1029 Rursus
1212 972 1310 1028 omnia

165 1060 306 1152 exempla,
319 1093 405 1152 quae
427 1076 483 1132 viri
506 1071 585 1132 docti
609 1073 667 1132 alio
691 1073 777 1133 modo
810 1074 958 1153 explicare
981 1077 1079 1133 conati
1100 1083 1167 1134 sunt
1189 1109 1232 1117 -
1256 1077 1310 1133 sci·

165 1177 234 1236 licet
264 1188 406 1257 quatenus
436 1200 494 1238 non
527 1182 605 1238 omni
636 1182 743 1237 rationi
768 1182 975 1257 grammaticae
1004 1188 1230 1260 repugnant-
1253 1180 1309 1238 hoc

165 1282 284 1362 quidem
310 1284 374 1342 loco
397 1283 553 1343 excludam
576 1292 605 1343 et
628 1282 665 1343 de
686 1287 723 1343 iis
745 1284 822 1343 infra
837 1283 987 1359 disseram,
1010 1305 1187 1364 quamquam
1211 1304 1309 1343 eorum

165 1390 293 1447 maxima
324 1409 393 1468 pars
424 1410 489 1448 mea
512 1388 629 1469 quidem
661 1392 806 1449 sententia
829 1389 867 1448 ad
891 1390 1120 1470 ‘productionem
1142 1390 1310 1464 metricam',

165 1514 224 1573 qua
255 1494 379 1555 Plautus
410 1516 480 1554 usus
511 1504 563 1569 est,
593 1498 728 1575 pertinet.
783 1496 848 1554 lam
880 1496 954 1555 alios
985 1499 1065 1554 viros
1097 1494 1198 1555 doctos
1229 1495 1312 1554 velut

164 1599 354 1680 Kampmann
370 1599 387 1658 l.
401 1620 433 1673 c,
456 1610 551 1659 ratum
561 1600 677 1659 hiatum
695 1610 723 1659 et
739 1601 884 1679 syllabam
900 1603 1056 1682 ancipitem
1072 1604 1135 1660 sine
1149 1602 1310 1659 offensione

165 1724 227 1764 esse
249 1707 279 1763 in
301 1705 358 1764 fine
381 1704 566 1785 dipodiarum
588 1726 725 1765 versuum
746 1706 937 1765 iambicorum
959 1716 987 1765 et
1009 1696 1232 1780 trochaicorum,
1248 1696 1309 1764 Leo

165 1809 203 1868 ad
225 1802 333 1889 Amph.
360 1810 419 1871 719
453 1820 482 1870 et
503 1811 586 1870 Asin.
612 1812 683 1885 250,
705 1803 851 1891 Lindsayv
870 1810 975 1871 introd.
999 1810 1044 1870 ad
1059 1805 1143 1890 Capt.
1166 1805 1234 1892 pag.
1258 1814 1308 1884 42,

165 1914 298 1993 Ahlberg
330 1914 367 1975 de
398 1916 616 1995 proceleusmat.
669 1917 685 1975 I
716 1920 775 1976 127
811 1920 946 1995 opinatos
979 1937 1041 1977 esse
1073 1909 1142 1997 post
1174 1924 1307 1996 quartam

166 2016 282 2101 quidem
316 2024 403 2080 arsim
426 2021 562 2081 Plautum
592 2021 740 2081 fortiorem
773 2014 957 2082 incisionem*
978 2022 1082 2082 fecisse
1104 2043 1163 2081 non
1193 2024 1307 2098 ignoro,

164 2124 237 2200 sed,
256 2128 313 2185 nisi
343 2126 438 2199 fallor,
469 2146 553 2187 nemo
590 2129 687 2186 omnia
720 2126 895 2187 documenta
926 2127 1054 2206 collegit.
1114 2128 1258 2206 Incipiam
1289 2146 1307 2185 a

165 2241 269 2313 quarta
301 2236 367 2306 arsi,
400 2240 487 2312 atque
519 2252 568 2292 eos
585 2272 586 2277 κ
602 2252 716 2313 quoque
747 2254 849 2293 versus
882 2254 946 2292 cum
969 2233 1036 2292 aliis
1059 2226 1244 2306 enumerabo,
1276 2235 1308 2291 in

165 2338 271 2418 quibus
295 2338 440 2417 spondeus
463 2347 513 2397 aut
536 2346 710 2417 anapaestus
732 2338 822 2398 verbo
838 2338 1026 2419 polysyllabo
1041 2340 1194 2417 excipitur.
1228 2339 1306 2397 Nam

165 2464 340 2523 quamquam
362 2452 431 2503 ante
455 2442 617 2503 ‘diaeresin'
641 2443 744 2522 pedem
767 2465 871 2523 purum
893 2463 958 2503 esse
980 2453 1191 2525 exspectamus,
1209 2452 1308 2503 tamen

162 2549 234 2608 mihi
259 2548 474 2609 concedendum
490 2568 559 2608 esse
581 2557 651 2628 puto
675 2549 795 2609 verbum
819 2549 1009 2629 spondiacum
1036 2558 1066 2609 et
1088 2552 1307 2628 anapaesticum

165 2663 215 2714 aut
238 2652 398 2735 spondeum
421 2663 450 2714 et
472 2664 666 2733 anapaestum,
683 2654 858 2715 vocabulum
880 2656 1029 2715 finientem
1052 2655 1161 2714 eisdem
1179 2653 1308 2714 condici-

165 2760 277 2835 onibus,
300 2763 325 2818 si
341 2761 414 2819 arsis
433 2760 516 2819 brevi
539 2760 654 2839 syllaba
669 2761 812 2840 expletur,
833 2770 972 2821 excusata
988 2780 1059 2835 esse,
1075 2760 1180 2840 quibus
1195 2779 1309 2839 semper

163 2874 251 2945 poeta
273 2866 415 2925 hocloco
437 2886 538 2925 versus
562 2865 680 2925 admisit
703 2863 751 2950 (cf.
766 2865 857 2924 Klotz
877 2866 995 2925 -metrih
1010 2869 1153 2944 auasqq,
1178 2864 1305 2951 Skutsch

162 2962 284 3031 Forsch.
300 2972 323 3037 ,Ι
348 2959 406 3031 12‘6
421 2972 503 3051 squ).
545 3011 548 3015 »
575 2980 577 3015 ἰ
813 2982 816 2986 ’
996 2984 999 2988 ’

250 3076 395 3156 Exempla
417 3085 484 3135 sunt
506 3077 598 3137 haec:

170 3196 172 3201 ’
251 3180 317 3240 (las.
344 3180 404 3241 134
428 3187 525 3261 ‘quom
546 3185 586 3240 mi
608 3181 662 3240 illa
684 3180 770 3257 dicet,
793 3184 834 3239 mi
856 3179 993 3255 animuld,
1015 3183 1055 3238 mi
1079 3180 1238 3261 Olympio'.

252 3286 380 3346 Skutsch
401 3286 489 3365 (Phil.
508 3289 556 3359 59,
573 3286 647 3364 483)
663 3286 752 3346 verba
774 3285 977 3365 monosyllaba
991 3286 1087 3345 vocali
1101 3286 1191 3361 finita,
1208 3306 1308 3365 quam·

165 3413 259 3474 quam
281 3394 405 3471 priorem
434 3392 578 3471 syllabam
611 3396 685 3451 arsis
714 3392 828 3451 solutae
858 3392 972 3451 efficere
1003 3399 1132 3470 possunt,
1163 3394 1188 3450 si
1210 3392 1308 3450 vocali

164 3501 357 3579 excipiuntur,
380 3507 478 3557 tamen
500 3490 643 3579 nusquam
666 3498 804 3557 Plautum
827 3501 870 3557 ita
884 3500 1026 3577 posuisse,
1048 3505 1081 3557 ut
1102 3500 1139 3556 iis
1157 3489 1309 3558 hiantibus

163 3604 256 3663 altera
279 3602 393 3681 syllaba
416 3592 577 3682 expleatur,
600 3602 818 3682 comprobavitv3
841 3623 898 3682 qua
919 3622 951 3661 re
972 3602 1108 3661 hocloco
1131 3602 1163 3661 ‘e'
1179 3605 1309 3662 vocativi

165 3702 367 3787 declinationis
382 3706 526 3767 secundae
543 3727 597 3787 pro
613 3708 701 3785 longa
724 3707 840 3787 syllaba
863 3728 932 3766 usus
942 3700 991 3766 ⁴est
1007 3707 1054 3787 (de
1066 3708 1158 3767 altero
1174 3708 1308 3787 exemplo

164 3813 199 3872 ef.
222 3812 339 3892 infra.)'
784 3823 786 3827 '
1167 3802 1170 3804 ’
1285 3804 1288 3807 ’

223 3914 332 3997 *Caph
361 3921 395 3975 11
422 3918 518 3995 ‘negat
541 3918 638 3977 hercle
660 3919 711 3977 ille
732 3920 861 3977 ultimus.
885 3917 1035 3993 accedito‘,
1058 3920 1083 3976 si
1105 3938 1171 3977 cum
1193 3916 1308 3998 Pylade

163 4024 241 4083 ‘illic’
264 4024 353 4101 legas.
872 4020 875 4024 ’

168 4174 186 4179 .-
249 4109 420 4187 Cure-438
444 4128 531 4205 ‘quia‘
545 4124 774 4204 nudiusquartus
796 4126 985 4194 venimdsin
1001 4126 1135 4186 Oariam'.
1230 4173 1232 4175 .
1301 4171 1303 4176 .

249 4234 326 4292 Men.
350 4235 411 4292 327
437 4235 529 4312 ‘proin
551 4240 621 4291 tune
644 4252 701 4312 quo
725 4232 813 4291 abeas
835 4232 951 4310 longius
974 4232 1011 4291 ab
1034 4231 1174 4291 aedibus'.

168 4388 171 4395 .
231 4342 312 4413 Ἴ506
338 4344 449 4398 ‘sanum
472 4345 524 4411 est,
548 4336 725 4412 adulescens,
751 4340 888 4419 sinciput,
908 4335 1071 4415 intellego’.

169 4524 171 4527 Ι
250 4447 336 4506 Truc.
355 4448 416 4505 757
442 4450 539 4505 ‘unum
555 4446 810 4521 aiebaS,t1iaiam
826 4446 901 4504 dixti
915 4446 1013 4519 verba,
1037 4445 1124 4523 atque
1138 4443 1307 4520 mendacia',

164 4556 247 4618 euius
269 4572 386 4614 sensum
408 4552 469 4616 Leo
493 4551 618 4616 Hermes
644 4555 691 4625 18,
717 4552 785 4615 578,
802 4525 971 4636 explicavit.
1016 4554 1112 4633 ‘atque
1133 4542 1209 4637 <ea>'
1224 4546 1308 4613 (iuli.-
