3200 5217
678 445 718 523 rr

127 626 306 685 monstravit.
358 624 665 709 Fortassefflicentiee
689 643 810 706 quoque
842 624 987 685 secundae
1009 633 1037 685 et
1062 631 1181 705 quartae
1203 624 1276 682 arsis

128 733 169 815 ita
191 730 384 811 explicandae
406 724 490 805 sunt,
505 739 538 791 ut
559 733 593 806 is,
618 733 669 812 qui
692 750 809 793 versum
831 732 970 791 Latinum
984 725 1143 811 constituit,
1166 733 1197 789 in
1217 730 1276 815 fine

128 835 265 916 dipodiae
287 838 399 896 hiatum
429 844 458 897 et
490 836 636 917 syllabam
665 840 824 918 ancipitem
857 836 1032 897 admitteret.
1087 837 1275 916 Compositus

128 944 204 1001 enim
226 949 270 1001 est
293 944 423 1001 senarius
446 962 483 1002 ex
506 942 599 1001 tribus
622 940 766 1022 dipodiis,
799 924 836 1002 ex
850 921 998 1023 'quattuor
1019 963 1120 1002 versus
1142 949 1275 1021 septena·

126 1050 195 1106 rius.
221 1125 224 1132 Δ
243 1049 292 1107 Ex
314 1048 419 1127 quibus
441 1048 508 1107 finis
532 1050 643 1128 primae
666 1047 805 1128 dipodiae
827 1050 942 1120 senarii,
975 1050 1132 1128 septenarii
1155 1048 1275 1107 alterius

127 1152 280 1234 dipodiae,
312 1174 363 1213 cur
385 1152 494 1213 eisdem
516 1154 660 1228 licentiis,
692 1154 799 1233 quibus
831 1162 991 1215 ceterarum
1023 1154 1126 1212 ultima
1148 1153 1274 1233 syllaba,

127 1280 194 1319 usus
216 1262 336 1340 nonsit,
360 1260 500 1339 explicari
516 1267 628 1340 potest:
651 1261 683 1317 in
698 1247 814 1319 senario
829 1268 898 1340 post
919 1260 1015 1319 thesin
1035 1259 1120 1339 pedis
1142 1262 1221 1318 tertii
1242 1260 1276 1318 fit

126 1365 296 1447 plerumque
312 1385 446 1451 Δοηειεγειπει,
476 1368 509 1424 in
531 1368 695 1445 septenario
716 1356 784 1445 post
807 1365 903 1425 thesin
927 1366 1001 1425 thesi
1023 1367 1130 1425 senarii
1152 1385 1274 1443 respon-

128 1470 243 1532 dentem
266 1472 413 1547 diaeresis,
437 1492 513 1552 quae
536 1474 600 1552 ipsa
622 1472 735 1531 hiatum
758 1471 895 1547 admittit,
920 1492 1007 1551 quam
1028 1472 1066 1530 ob
1088 1492 1148 1531 rem
1170 1480 1274 1551 poetae

127 1576 271 1637 diaeresin
284 1578 382 1658 'paulo
410 1585 477 1639 ante
505 1597 644 1657 usurpare
672 1574 852 1655 fugerunt¹).
906 1577 1011 1658 Neque
1044 1598 1116 1656 opus
1150 1585 1208 1652 est,
1241 1584 1275 1635 ut

126 1682 239 1742 hiatum
270 1692 299 1743 et
330 1683 475 1763 syllabam
507 1686 665 1763 ancipitem
696 1681 842 1742 secundae
875 1686 934 1741 arsi
956 1684 1097 1742 trochaici
1119 1681 1274 1762 septenarii

128 1786 289 1871 adhibitam
312 1789 505 1869 explicemus,
536 1788 573 1848 ad
596 1789 760 1848 doctrinam
784 1787 821 1848 de
843 1792 943 1848 metris
966 1788 1108 1848 derivatis
1136 1791 1275 1848 constitu·

127 1902 194 1969 tam,
217 1915 304 1973 quam
327 1897 403 1953 inter
424 1896 572 1953 Romanos
594 1897 706 1974 primus
729 1895 824 1954 Varro
848 1895 955 1971 docuit,
985 1916 1038 1953 nos
1060 1895 1205 1973 relhgium
1228 1917 1275 1953 ca·

24 2030 25 2073 3
127 2018 203 2077 pere,
231 1998 390 2058 secundum
414 2020 501 2081 quam
524 2002 705 2080 septenarius
728 2000 893 2060 trochaicus
915 2020 953 2061 ex
975 2004 1081 2060 cretico
1109 2008 1138 2060 et
1160 2006 1275 2060 senario

24 2082 25 2101 l
128 2108 304 2185 compositus
325 2113 407 2189 esset.
431 2104 477 2183 (cl.
494 2105 623 2165 Leonem
640 2109 754 2165 cantica
768 2107 829 2185 61).
874 2107 930 2165 Est
945 2114 1051 2179 tamen,
1067 2115 1100 2165 ut
1114 2107 1170 2165 hoc
1186 2107 1274 2166 verbo

127 2212 170 2268 uti
192 2209 263 2268 mihi
291 2210 386 2283 liceat,
411 2214 503 2291 ‘quasi
526 2211 682 2286 diaeresis',
705 2232 780 2291 quac
803 2213 849 2271 his
871 2213 943 2271 locis
966 2212 1164 2291 deprenditur,
1189 2234 1276 2292 quam

127 2316 251 2375 Plautus
273 2336 311 2376 ex
334 2316 467 2376 arbitrio
482 2320 577 2377 versui
602 2316 740 2377 adhibere
762 2320 866 2397 potuit.
917 2319 1023 2398 Neque
1054 2321 1131 2378 enim
1154 2321 1181 2378 ei
1203 2322 1276 2378 veti-

127 2430 189 2481 tum
212 2430 282 2497 erat,
306 2421 384 2502 quod
406 2422 448 2497 fit,
471 2425 496 2481 si
518 2422 657 2483 diaeresis
679 2424 821 2501 legitima,
844 2431 877 2483 ut
899 2427 940 2482 ita
959 2424 1063 2499 dicam,
1084 2433 1152 2505 post
1174 2424 1276 2503 pedem

126 2527 283 2586 iambicum
307 2536 402 2603 extat,
435 2528 485 2587 ubi
509 2531 536 2588 ei
558 2528 678 2609 placuit,
711 2537 846 2609 quartam
870 2539 922 2588 aut
944 2529 1102 2608 secundam
1124 2532 1201 2589 arsin
1224 2529 1277 2589 duss

129 2633 207 2692 abus.
223 2632 347 2713 syllabis
369 2633 507 2694 brevibus
530 2634 651 2709 efficere,
674 2633 705 2692 id
728 2644 773 2694 est
794 2638 872 2694 arsin
895 2635 1064 2695 dissolvere.

215 2739 252 2797 In
274 2739 332 2799 fine
355 2740 441 2798 huius
463 2742 556 2818 partis
578 2739 615 2799 de
637 2759 725 2799 versu
747 2740 847 2822 aliquo
870 2741 1026 2816 disseram,
1057 2760 1144 2823 quem
1172 2761 1276 2801 sanare

127 2864 173 2903 me
196 2864 281 2923 posse
304 2845 419 2923 syllaba
443 2848 564 2926 ancipiti
588 2854 710 2926 quartae
732 2850 790 2905 arsi
813 2846 946 2906 adhibita
969 2847 1090 2907 confido.
1121 2848 1192 2926 Ep.
1212 2850 1275 2907 493

127 2952 158 3007 in
181 2950 217 3007 A.
233 2950 267 3012 P.
291 2950 430 3010 traditum
453 2959 514 3011 est:

216 3056 317 3133 ‘Euge
341 3075 424 3133 enge,
447 3056 581 3137 Epidico,
603 3056 681 3135 frugi
705 3076 744 3133 es,
766 3060 913 3137 pugnasti,
936 3058 1022 3117 homo
1046 3060 1093 3117 es'.

218 3160 410 3237 Camerarius,
433 3170 466 3221 ut
488 3163 601 3221 hiatum
624 3162 747 3237 tolleret,
771 3165 959 3243 ‘pugnavisti’
982 3166 1105 3243 scripsit,
1128 3184 1213 3244 quern
1235 3184 1278 3223 se-

129 3269 188 3325 cuti
210 3249 279 3325 ¹sunt
302 3266 394 3352 Goetz
418 3276 447 3327 et
469 3268 545 3343 Leo,
580 3268 631 3328 sed
666 3287 782 3328 necesse
813 3288 876 3327 esse
907 3289 1076 3344 caveamus,
1110 3289 1147 3328 ne
1168 3270 1276 3329 formas

129 3373 276 3432 breviores
306 3382 335 3433 et
356 3374 503 3451 longiores
525 3374 677 3434 verborum
702 3375 746 3452 (id
775 3383 818 3434 est
841 3372 1003 3457 ῥημάτων),
1027 3398 1156 3456 „quorum
1189 3378 1278 3456 stirps

129 3482 161 3536 in
184 3478 316 3538 vocalem
339 3482 418 3553 exit,
452 3488 553 3539 contra
575 3479 715 3539 librorum
739 3484 937 3541 testimonium
959 3484 1135 3557 inseramus,
1169 3482 1277 3559 Engel·

24 3620 25 3671 3
129 3584 231 3643 brecht
264 3584 374 3664 (Wien.
398 3585 480 3645 stud.
506 3586 626 3660 1er
651 3586 725 3665 sqq.)
749 3586 841 3645 docet.
897 3587 959 3645 Alii
991 3590 1047 3646 viri
1076 3586 1156 3646 docti
1187 3589 1277 3647 verbo

130 3688 230 3769 aliquo
253 3690 354 3775 addito
377 3689 459 3750 velut
481 3692 570 3750 ‘bene‘
593 3711 708 3750 versum
724 3695 869 3769 corrigere
886 3695 983 3751 conati
1005 3701 1080 3767 sunt,
1104 3692 1182 3773 quod
1205 3714 1279 3772 opus

24 3818 25 3883 j
131 3816 190 3853 non
214 3815 275 3855 esse
298 3816 424 3855 eversu
448 3790 571 3856 Terenti
592 3797 650 3855 Ad.
676 3800 737 3856 843
763 3818 780 3855 a
802 3798 902 3857 Leone
926 3798 964 3856 ad
986 3798 1082 3857 locum
1105 3798 1195 3857 allato
1218 3798 1278 3859 elu-

130 3910 182 3960 cet.
219 3884 220 3889 ἵ
246 3900 304 3961 Sed
342 3904 430 3960 etiarn
461 3902 582 3961 alt-eram
616 3902 804 3962 offensionem
837 3902 959 3982 praebet
991 3924 1098 3963 versus.
1152 3904 1279 3983 Bentley

130 4006 182 4085 (ad
204 4006 311 4066 Heaut.
335 4007 374 4065 H.
393 4010 420 4067 3.
439 4009 492 4086 30)
516 4016 544 4067 et
567 4007 683 4067 Ritschl
707 4008 801 4089 (proll.
827 3997 984 4086 CCXVII)
1014 4008 1280 4070 animadverterunt

129 4111 283 4171 verborum
306 4113 629 4193 proceleusmaticorum
659 4122 688 4172 et
710 4113 874 4191 ¹verborum
895 4133 1037 4195 paeonem
1059 4124 1194 4196 quartum
1218 4116 1278 4175 effi-

129 4219 267 4277 cientium
289 4218 435 4297 syllabam
449 4222 574 4299 primam
589 4220 737 4300 plerisque
752 4220 827 4279 locis
847 4222 909 4279 ictu
926 4220 1006 4281 efferi
1027 4220 1106 4301 apud
1129 4224 1277 4281 scaenicos

220 4461 247 4531 l)
266 4460 334 4515 Fine
353 4459 481 4530 dipodiae
500 4461 604 4517 hiatum
625 4467 652 4515 et
672 4461 805 4533 syllabam
821 4462 968 4531 ancipitem
980 4460 1117 4518 interdum
1130 4460 1277 4517 admissum

127 4564 188 4606 esse
207 4550 261 4604 iam
280 4550 484 4633 Kampmennus
503 4551 522 4606 l.
542 4567 564 4609 c.
578 4549 733 4631 contendit.
