3200 5217
873 434 890 486 8

308 604 449 664 ‘omnibus
476 606 551 667 istic'
574 625 689 669 versum
710 606 833 680 mutari;
865 593 1086 662 collocationem
1108 604 1311 683 pronominum
1334 599 1398 660 ‘hic'
1422 607 1453 659 et

308 711 371 769 ‘me’
401 711 570 772 mutandam
592 732 651 773 non
680 730 743 773 esse
764 709 937 790 Kaempfius
967 706 1016 788 (de
1038 728 1119 788 pron.
1142 727 1216 788 pers.
1241 707 1295 787 28)
1318 726 1453 786 compro-

307 814 397 875 bavit.
442 826 443 829 ’
1224 897 1226 900 ¹

397 922 493 985 Most,
514 924 592 982 376:
623 926 740 1003 ‘quaeso
764 921 877 1003 edepol,
909 940 1041 998 exsurge,
1073 928 1157 1000 pater
1189 918 1316 978 advenit.
1365 916 1453 975 Tuus

305 1029 388 1086 venit
415 1036 499 1107 pater
507 1027 530 1086 P’
564 1028 616 1088 ubi
649 1029 764 1108 ‘quaeso
799 1026 912 1107 edepol’
945 1048 1003 1086 non
1035 1030 1131 1104 magis
1163 1046 1251 1106 quam
1277 1023 1361 1084 Cure.
1388 1023 1450 1081 192

304 1131 431 1192 ‘ebridla’
453 1135 612 1193 verisimile
633 1142 686 1195 est.

392 1238 507 1299 Nonius
540 1247 570 1299 et
602 1239 713 1299 Paulus
745 1239 824 1299 hunc
857 1259 974 1299 versum
1011 1259 1048 1298 ex
1080 1237 1216 1315 Agroeeo
1249 1233 1451 1296 tradiderunt:

305 1346 400 1423 ‘quasi
420 1344 506 1424 lupus
528 1343 565 1404 ab
588 1348 676 1404 armis
698 1345 792 1419 valeo,
816 1344 915 1407 clunes
936 1344 1076 1403 infractos
1098 1343 1186 1422 gero'.

391 1450 537 1511 Incertum
560 1471 622 1511 esse
644 1452 715 1510 mihi
738 1450 863 1527 videtur,
887 1472 925 1510 an
947 1451 1035 1511 Truc.
1054 1453 1114 1511 579
1139 1450 1214 1508 ‘erus
1235 1468 1325 1522 meus,
1341 1446 1451 1507 ocellus

305 1563 378 1629 tuos,
396 1554 434 1615 ad
456 1565 485 1617 te
507 1557 584 1617 ferre
605 1576 652 1617 me
673 1556 855 1622 haeciussit
876 1557 940 1616 tibi'
962 1559 993 1615 in
1015 1576 1164 1616 numerum
1187 1554 1291 1642 horum
1313 1573 1451 1613 versuum
1519 1548 1522 1554 ’

304 1660 475 1725 referendus
497 1666 543 1722 sit.
559 1662 650 1722 Klotz
672 1662 794 1741 (Matr-ik
812 1666 882 1737 256,
906 1663 940 1721 cf.
959 1662 1034 1741 265)
1055 1662 1116 1721 fere
1138 1682 1281 1741 nusquam
1303 1662 1381 1719 arsin
1404 1680 1451 1718 so-

304 1766 396 1825 lutam
417 1770 448 1825 in
471 1766 615 1848 syllabam
638 1767 821 1827 terminalem
843 1776 873 1827 et
894 1768 1036 1827 initialem
1061 1766 1182 1826 duorum
1205 1747 1360 1826 verborum
1382 1785 1450 1824 eon-

303 1873 387 1931 tinuo
414 1892 480 1935 sese
510 1876 715 1953 excipientium
744 1875 787 1933 ita
810 1872 993 1952 dispertitam
1017 1893 1081 1934 esse
1104 1871 1262 1947 contendit,
1291 1880 1325 1931 ut
1355 1871 1450 1929 altera

303 1964 419 2057 syllaba
451 1979 533 2039 verbi
565 1982 735 2059 posterioris
766 1982 806 2038 sit
836 1979 933 2057 longa.
977 1979 1013 2038 In
1045 1981 1146 2060 paucis
1183 1976 1341 2057 exemplis,
1373 1995 1449 2056 quae

303 2090 405 2141 contra
430 2084 561 2162 regulam
586 2093 716 2159 certant,
750 2084 799 2164 (de
822 2085 911 2144 Stich.
939 2087 999 2145 736
1025 2084 1060 2143 cf.
1090 2084 1187 2163 supra)
1215 2083 1342 2163 Seyffert
1370 2082 1450 2141 hunc

304 2195 555 2268 quoquoversum
579 2190 675 2270 (Burs.
700 2211 765 2249 ann.
793 2192 885 2263 1894,
909 2190 984 2269 284)
1008 2197 1166 2264 enumerat,
1189 2190 1239 2269 qui
1261 2188 1384 2249 fortasse
1405 2191 1449 2247 ita

303 2290 443 2371 legendus
465 2304 524 2355 est:
1247 2357 1250 2361 A

391 2396 468 2462 ‘druis
496 2401 587 2477 mods,
616 2401 725 2461 ocellus
755 2400 846 2480 tides)
882 2401 920 2462 ad
953 2410 983 2461 te
1015 2401 1090 2461 ferre
1115 2411 1162 2465 me
1183 2400 1255 2461 haec
1269 2401 1363 2459 'iussit
1384 2398 1448 2461 tibi'

304 2524 369 2563 cum
391 2505 507 2585 syllaba
529 2510 651 2586 ancipiti
673 2511 705 2566 in
727 2506 857 2567 secunda
879 2509 938 2566 arsi
961 2506 1144 2587 deprehensa
1165 2515 1195 2566 et
1219 2528 1233 2566 s
1254 2505 1338 2566 verbi
1363 2504 1447 2565 ‘tuos'

301 2617 369 2670 ante
390 2611 523 2671 vocalem
545 2613 625 2672 eliso.
728 2618 730 2621 ’

320 2764 321 2767 ,
388 2716 489 2776 Pauca
511 2718 644 2799 exempla
660 2717 763 2777 traditi
775 2736 877 2778 versus
899 2718 984 2779 nobis
1008 2718 1154 2799 praebent,
1170 2726 1259 2798 atque
1273 2720 1361 2804 etiam
1377 2725 1447 2806 tum,

302 2821 457 2897 sifomnia,
480 2843 563 2903 quae,
586 2824 624 2883 ab
647 2824 713 2883 aliis
735 2826 810 2883 viris
833 2822 927 2884 doctis
950 2825 1008 2884 alio
1031 2822 1118 2885 modo
1133 2824 1288 2905 explicata,
1303 2841 1369 2882 mea
1383 2825 1463 2903 qui·¹

301 2924 368 2986 dem
400 2932 546 2988 sententia
577 2928 615 2988 ad
647 2929 817 2989 facultatem
847 2928 1048 3009 productionis
1071 2932 1209 2989 metricae
1231 2928 1386 2989 verborum
1416 2930 1447 2994 in

301 3032 430 3091 secunda
452 3041 503 3093 aut
525 3043 629 3114 quarta
651 3038 709 3095 arsi
726 3035 933 3094 collocatorum
947 3037 1102 3115 pertinent,
1119 3034 1364 3108 adnumeraveris,
1386 3053 1447 3092 non

299 3140 372 3197 satis
394 3139 487 3197 multa
518 3144 668 3215 exsistant,
703 3148 737 3199 ut
768 3140 890 3216 eluceat,
921 3141 1088 3221 siquidem
1110 3140 1254 3215 adhibuit,
1277 3160 1336 3198 non
1359 3158 1447 3218 saepe

298 3240 437 3304 Plautum
459 3248 555 3304 versui
579 3246 655 3304 hanc
678 3245 827 3305 licentiam
849 3245 1025 3306 adhibuisse.
1070 3246 1171 3327 Atque
1191 3249 1261 3306 item
1284 3264 1350 3303 raro
1372 3244 1445 3303 talia

299 3346 389 3409 uerba
410 3349 457 3408 his
479 3350 552 3410 locis
576 3349 704 3427 admisit,
736 3371 812 3430 quae
834 3372 978 3432 nusquam
1000 3354 1057 3411 nisi
1080 3354 1167 3411 certis
1194 3351 1268 3411 locis
1291 3350 1392 3410 versus
1414 3352 1445 3407 in

298 3452 406 3513 fabulis
437 3455 583 3515 Plautinis
618 3459 815 3518 inveniuntur.
849 3456 896 3534 (cf.
922 3458 1193 3517 Leonem‘Forseh.
1220 3460 1285 3518 309,
1315 3454 1380 3513 adn.
1405 3456 1444 3532 3).
1482 3509 1485 3511 ,

386 3561 493 3621 Poetae
516 3561 624 3621 latinos
647 3564 799 3622 scaenicos
822 3562 930 3621 formas
953 3573 1004 3622 aut
1017 3563 1115 3637 verba,
1138 3582 1213 3642 quae
1228 3564 1354 3643 speciem
1369 3561 1449 3619 anti-

297 3668 428 3745 quitatis.
450 3686 521 3746 prae
552 3687 584 3726 se
616 3667 757 3742 ferebant,
787 3667 914 3728 libenter
934 3671 966 3727 in
989 3669 1047 3727 fine
1068 3688 1177 3727 versus
1191 3677 1243 3730 aut
1263 3670 1294 3725 in
1316 3668 1374 3725 fine
1395 3664 1446 3724 he-

298 3772 425 3847 mistichi
457 3772 630 3847 collocasse,
665 3782 711 3832 ut¹
728 3774 876 3853 praesidio
909 3773 968 3832 loci
999 3793 1100 3832 versus
1133 3777 1216 3853 quasi
1247 3770 1444 3844 defenderent,

298 3880 370 3954 satis
392 3884 493 3955 notum
516 3886 577 3955 est„
596 3878 701 3957 Neque
724 3879 797 3939 haec
821 3879 1000 3938 consuetudo
1022 3883 1104 3959 poesi
1126 3880 1249 3938 aliorum
1271 3877 1444 3962 populorum

295 3985 398 4059 ignota
421 3992 490 4042 erat.
537 3983 604 4058 Qua
626 4004 782 4045 reversus
808 3988 873 4065 ipse
895 3988 1051 4044 vetustatis
1080 3985 1205 4046 colorem
1227 3986 1341 4065 accipit,
1364 3985 1445 4052 siin

295 4088 387 4148 verba
409 4090 530 4169 antiqua
553 4093 688 4149 excurrit.
735 4089 832 4165 Quam
854 4110 916 4149 rem
940 4099 1074 4149 accurate
1104 4098 1228 4150 tractare
1251 4101 1360 4170 operae
1377 4107 1442 4168 pre-

295 4196 377 4252 tium.
402 4203 489 4269 esset,
523 4194 611 4273 quod,
643 4197 699 4253 nisi
730 4195 826 4270 fallor,
859 4195 955 4255 adhuc
987 4194 1114 4255 nondum
1147 4195 1257 4258 facturn
1280 4203 1332 4255 est.
1377 4194 1443 4271 Ego

298 4301 369 4357 satis
390 4297 485 4358 habeo
519 4299 556 4359 de
578 4320 632 4359 usu
654 4301 814 4359 Homerico
837 4304 909 4360 satis
932 4309 1000 4359 noto
1024 4321 1213 4376 commonere,
1228 4301 1280 4360 ubi
1301 4300 1392 4360 verba
1413 4308 1443 4359 et

297 4401 407 4463 formae
430 4404 587 4479 obsoletae,
611 4411 785 4466 necessitate
809 4410 893 4465 metri
914 4427 971 4465 non
988 4416 1113 4481 coactae,
1135 4428 1309 4487 quamquam
1332 4409 1442 4485 saepis-

295 4512 368 4571 sime
398 4513 481 4574 metri
515 4532 604 4574 causa
636 4512 725 4574 verba
747 4522 812 4574 arte
836 4515 991 4575 coniuncta
1017 4516 1049 4571 in
1070 4513 1128 4575 fine
1150 4512 1328 4574 collocantur
1345 4512 1444 4597 lvslut
