3200 5217
733 471 751 525 7

170 641 231 699 ‘ain
258 640 374 701 excetra
401 647 441 715 16,
465 640 540 720 quae
563 640 617 700 tibi
640 642 748 700 amicos
770 648 816 701 tot
837 640 928 702 habes
940 687 1025 701 .....
1027 642 1043 718 ’,
1068 639 1106 703 ob
1121 662 1185 703 eam
1200 644 1318 724 quidem

171 744 330 806 elationem
351 745 474 805 dubium
496 754 547 820 ast,
569 748 639 805 item
662 746 727 806 Cas.
753 750 824 823 2113
848 747 940 808 Stich.
966 751 1027 808 318
1050 769 1115 808 cum
1138 749 1167 807 A
1189 749 1317 808 ‘tonsilia

171 858 201 909 et
220 850 359 931 tappetia'
374 850 529 929 legendnm
545 860 596 925 est,
619 850 656 911 de
670 852 776 911 Bacch.
795 855 855 912 666
872 852 907 911 ci.
922 853 1051 913 Leonem
1066 862 1141 914 cant.
1159 856 1207 913 19.
1249 853 1318 929 Qua

170 954 209 1015 de
236 976 324 1015 causa
346 956 452 1016 Bacch.
477 960 538 1016 614
570 953 697 1016 incertus
727 965 778 1032 est,
810 977 896 1037 quem
918 959 961 1016 616
983 956 1111 1018 dimetiri
1133 958 1242 1019 solent:
1265 962 1317 1017 ‘in-

170 1060 319 1121 credibilis
340 1064 495 1142 imposque
522 1064 619 1137 animi,
649 1062 817 1122 inamabilis
844 1063 991 1143 inlepidus
1013 1064 1099 1137 vivd',
1130 1063 1162 1121 id
1191 1073 1235 1123 est
1256 1072 1315 1123 tro·

172 1166 305 1226 chaicum
339 1170 527 1226 octonarium.
587 1167 677 1227 Stich.
712 1171 773 1228 736
809 1177 907 1228 autem
941 1173 1015 1228 ‘mea
1048 1170 1150 1227 suavis
1182 1169 1317 1228 amabilis

171 1272 294 1331 amoena
320 1271 520 1352 Stephanium,
542 1272 578 1330 ad
604 1291 716 1332 amores
738 1274 812 1332 tuos'
845 1282 962 1354 poetam
992 1273 1122 1333 consulto
1148 1273 1316 1354 prosodiam

170 1380 342 1437 inusitatam
376 1377 497 1456 elegisse
528 1380 713 1459 perspicuum
747 1387 798 1439 est.
831 1379 882 1457 (ad
914 1398 1031 1439 versum
1053 1378 1088 1438 of.
1111 1382 1200 1439 etiam
1225 1379 1317 1453 Klotz

169 1482 281 1543 Metrilr
305 1482 388 1562 265).

257 1587 403 1667 Exempla
426 1588 569 1649 secundae
592 1591 666 1648 arsis
689 1598 758 1649 sunt
780 1590 870 1656 haeot

259 1692 344 1774 Oapt.
369 1695 433 1753 444
462 1688 506 1753 ‘tit
527 1689 586 1755 hnc
608 1695 671 1773 age.
705 1703 738 1754 tu
759 1690 832 1754 mihi
858 1691 927 1755 drus
948 1715 1026 1755 nuno
1047 1714 1086 1771 66,
1113 1703 1147 1755 16
1168 1704 1318 1776 66166666,

169 1806 202 1858 16
230 1800 327 1879 66166’.
372 1799 419 1859 De
439 1795 520 1859 ‘mihi
543 1795 611 1860 6666
633 1820 710 1859 nuno
731 1800 780 1874 es’,
804 1821 862 1880 qua
882 1804 997 1860 ratione
1011 1800 1144 1860 nonnulli
1158 1804 1216 1860 viri
1237 1800 1316 1860 docti

170 1924 287 1964 versum
314 1903 519 1981 dimetiuntur,
551 1905 585 1965 ci.
609 1926 712 1986 supra;
741 1905 934 1982 Camerarius,
957 1909 1006 1986 qui
1038 1906 1157 1966 ι161666
1179 1925 1242 1985 age.
1283 1907 1316 1966 td

169 2010 243 2069 mihl
265 2030 342 2069 nunc
364 2030 429 2070 erus
458 2011 497 2070 es'
529 2014 717 2091 transposuit,
740 2011 833 2070 altera
864 2011 1022 2071 offensione
1044 2010 1155 2071 tradita
1180 2014 1316 2087 mutavit,

169 2114 200 2174 id
224 2123 268 2175 est
289 2116 414 2175 iambica
438 2135 572 2176 mensura
593 2118 775 2196 pronominis
797 2116 895 2191 ‘mihi',
918 2115 955 2177 de
977 2138 1036 2197 666
1065 2116 1142 2176 inira
1164 2116 1316 2176 disseram.

259 2220 329 2281 Oist.
347 2224 428 2281 510:
453 2222 530 2281 ‘Non
545 2220 648 2301 edepol
663 2224 754 2281 istaec
769 2230 821 2281 tua
843 2221 923 2281 diota
937 2243 1014 2281 6666
1035 2226 1067 2281 16
1089 2226 1167 2282 auris
1189 2222 1316 2302 recipio'.

258 2327 347 2385 Truo.
373 2330 434 2387 233
460 2330 493 2386 is
515 2328 629 2387 amatur
650 2328 698 2405 hio
720 2326 799 2408 apud
821 2348 884 2402 666,
907 2330 959 2408 661
981 2327 1060 2407 quod
1081 2326 1171 2404 dedit,
1193 2326 1226 2386 id
1242 2327 1316 2387 obli-

168 2424 231 2492 tust
253 2431 358 2492 tamen'
381 2432 421 2512 (A
435 2432 482 2511 P).

258 2536 342 2597 Onrc.
370 2541 429 2597 192
462 2537 598 2613 ι6161616,
632 2538 775 2618 persollae
807 2557 912 2617 nugae.
956 2539 1026 2597 Tun
1054 2558 1149 2598 meam
1170 2538 1315 2599 Venerem

169 2642 351 2723 vituperas'?
403 2645 480 2703 Sane
510 2643 572 2703 fieri
606 2652 716 2723 potest,
747 2652 780 2703 ut
811 2644 917 2723 aliquis
947 2643 1104 2703 contendat
1146 2647 1177 2703 in
1220 2647 1314 2724 pn'mo

171 2748 267 2830 pede·
291 2752 449 2829 septenarii
493 2749 634 2808 trochaici
667 2748 770 2809 eodem
807 2748 894 2808 modo
927 2757 1016 2829 atque
1046 2752 1077 2808 in
1110 2753 1204 2830 primo
1240 2748 1315 2831 pede

159 2861 272 2915 'versus
293 2854 410 2914 iambici
434 2864 521 2935 61666
544 2858 574 2913 16
599 2858 766 2934 anapaestis
788 2863 941 2915 noeentum
962 2858 993 2914 in
1005 2856 1186 2935 paenultima
1199 2855 1317 2935 syllaba

169 2960 252 3020 verbi
275 2959 454 3041 polysyllabi
473 2961 586 3020 duabus
600 2960 739 3020 brevibus
761 2961 835 3020 finiti
852 2964 979 3040 positum
1001 2982 1019 3019 a
1041 2969 1128 3042 poeta
1143 2964 1314 3043 permissum

171 3086 243 3141 osse,
277 3073 311 3124 61
341 3065 497 3144 legendum
529 3068 575 3141 sit,
608 3086 665 3146 qua
697 3068 811 3127 ratione
835 3066 894 3125 Leo
926 3065 1055 3126 dimetiri
1085 3067 1157 3142 vult,
1181 3066 1317 3140 ‘ebridla'‚

170 3179 259 3251 atque
282 3190 383 3231 revera
408 3171 532 3231 Plautus
555 3171 652 3230 verbis
684 3170 841 3251 dactylicis
866 3170 987 3231 eandem
1017 3172 1165 3248 licentiam
1192 3174 1224 3230 in
1247 3191 1317 3231 ana·

170 3280 279 3357 paestis
309 3284 397 3356 61666
428 3279 576 3357 inprime
602 3276 677 3357 pede
702 3297 840 3336 versuum
864 3277 1054 3336 iambicornm
1087 3275 1215 3337 adhibet.
1255 3276 1315 3337 Sed

171 3384 309 3462 quoniam
342 3402 379 3441 ex
409 3382 507 3442 verbis
537 3403 595 3441 non
626 3385 728 3462 paucis
750 3380 880 3442 eiusdem
902 3383 1053 3443 mensurae
1077 3390 1165 3462 61666
1188 3382 1315 3441 ‘ebriola‘

169 3490 255 3547 initio
294 3507 394 3547 versus
427 3488 566 3547 trochaici
600 3522 642 3533 -—
679 3473 892 3568 praeterquam·
919 3487 999 3567 qnod
1035 3492 1067 3547 in
1110 3496 1314 3547 consonantem

170 3602 285 3667 exeant,
308 3612 383 3673 quae
405 3596 538 3673 sequenti
561 3596 926 3672 consonantiexcipiatnr,
953 3601 1006 3652 aut
1027 3592 1104 3673 quod
1127 3593 1239 3660 vocalis
1260 3612 1313 3651 vo·

171 3699 308 3759 cabnlnm
324 3700 427 3757 finiens
443 3697 570 3757 elidatur
584 3732 627 3743 -—
642 3698 754 3757 nullum
770 3701 915 3778 11666616
931 3701 1037 3777 666611,
1058 3702 1166 3759 rectius
1187 3706 1316 3759 statuere

169 3803 305 3865 videmur
335 3804 392 3863 hoo
423 3823 539 3884 666666
565 3804 630 3863 1666
653 3808 687 3861 ‘a'
708 3805 838 3863 vocativi
859 3806 971 3884 primae
992 3803 1206 3880 declinationis,
1234 3803 1320 3884 quod

169 3929 317 3991 nunqnam
340 3908 514 3989 productrun
536 3910 601 3985 fuit,
617 3913 648 3969 in
671 3908 799 3969 secunda
822 3912 879 3968 arsi
900 3910 964 3969 loeo
988 3910 1093 3988 longae
1115 3908 1249 3992 syllabae
1262 3930 1315 3990 po·

170 4024 248 4077 etam
270 4017 402 4096 posuisse
426 4014 471 4093 (61.
493 4015 580 4075 Μ661.
606 4018 667 4075 376
691 4014 790 4093 16166).

257 4122 336 4182 Men.
363 4124 445 4180 1160
477 4121 599 4181 ‘venibit
626 4139 701 4179 uxor
728 4138 843 4203 666666
865 4122 961 4195 etiam,
989 4122 1015 4178 61
1038 4121 1104 4201 6616
1131 4126 1244 4199 emptor
1265 4138 1315 4179 ve·

169 4226 270 4303 nerit'3
293 4230 357 4287 sine
378 4225 469 4285 dubio
492 4228 569 4286 enim
591 4229 620 4284 ‘i'
641 4243 784 4306 personae
807 4223 953 4285 secundae
974 4233 1003 4285 et
1031 4228 1135 4285 tertiae
1157 4224 1315 4303 singularis

168 4332 261 4392 futuri
283 4332 367 4391 in·bo
389 4333 524 4392 exeuntis
544 4330 644 4391 brevis
666 4342 735 4391 6661.

258 4438 346 4497 Μ666.
372 4441 434 4498 920
458 4437 600 4499 ‘omnibus
620 4438 670 4497 hic
693 4436 861 4496 ludificatur
882 4456 929 4496 me
952 4435 1054 4495 modis.
1085 4454 1140 4514 ego
1171 4434 1315 4510 stultior'3

259 4563 317 4629 qna
343 4563 375 4603 66
405 4564 464 4608 nou
493 4523 611 4608 necesse
638 4552 682 4606 est
705 4562 769 4606 oum
792 4542 951 4606 Skutschio
972 4542 1109 4625 (Hermes
1133 4543 1184 4620 32,
1209 4538 1260 4620 93)
1282 4543 1315 4601 in
