3200 5217
781 478 822 536 24

314 651 380 713 (las.
404 655 421 711 7
426 655 466 713 38
489 652 604 713 ‘Servos
627 672 690 713 sum
713 661 786 713 tuos.
812 651 975 733 Optumest.
1001 652 1130 734 Opsecm
1147 653 1185 713 to'
1205 653 1260 734 (ita
1274 652 1371 733 AR),

227 780 291 820 cum
312 778 436 839 persona
458 766 580 821 mutata.

313 864 388 925 Rud.
415 868 484 925 278.
518 863 633 946 ‘quibus
665 882 719 924 nec
750 862 831 924 locris
862 864 940 925 ullus
962 883 1017 925 nec
1038 882 1104 945 spes
1125 865 1273 945 paratast'.

313 971 403 1031 Poeu.
423 973 484 1030 214
500 974 602 1051 ‘aeque
617 991 753 1051 umquam
769 973 841 1030 satis
855 970 912 1031 hae
926 970 1003 1031 duae
1027 990 1074 1030 res
1090 972 1238 1031 omantur'
1254 970 1372 1031 Ritschl

226 1079 358 1137 removit.
382 1075 440 1136 Sed
457 1079 614 1157 quaeritur,
630 1097 668 1135 an
682 1076 771 1156 paulo
793 1084 861 1157 post
876 1076 977 1136 Plauti
999 1084 1125 1136 aetatem
1148 1075 1303 1136 adiunctus
1325 1080 1372 1137 sit.

313 1182 380 1242 Uno
402 1182 467 1241 loco
489 1180 565 1241 Rud.
590 1184 651 1241 278
683 1183 714 1240 in
744 1184 841 1261 priore
872 1186 930 1241 arsi
953 1185 1040 1262 primi
1062 1181 1146 1263 pedis
1171 1183 1318 1243 bacchiaci
1342 1182 1373 1241 ‘s’

225 1285 307 1348 verbi
331 1287 453 1367 ‘quibus'
474 1308 533 1346 una
556 1308 622 1347 cum
645 1290 825 1363 consonanti,
855 1309 913 1368 qua
935 1288 1056 1349 verbum
1078 1307 1202 1368 sequeus
1225 1290 1373 1368 incipitur,

225 1396 398 1473 positionem
421 1391 511 1453 afficit
521 1389 545 1472 ¹)
555 1389 586 1472 ²)
779 1467 782 1472 Ι

314 1498 437 1559 Perrara
460 1506 526 1557 sunt
560 1498 709 1577 exempla,
742 1517 819 1578 quae
853 1517 890 1557 ex
924 1500 1038 1558 creticis
1067 1506 1097 1559 et
1117 1496 1254 1559 baccheis
1276 1498 1373 1559 afferri

225 1611 355 1684 possunt,
383 1602 435 1663 scd
465 1606 496 1662 in
526 1607 640 1663 creticis
670 1611 698 1663 et
719 1602 856 1663 baochais
878 1603 970 1663 verba
991 1624 1051 1663 non
1072 1603 1185 1679 desunt,
1210 1625 1283 1686 quae
1297 1623 1373 1663 vnus·

226 1730 314 1789 quam
336 1712 394 1768 nisi
417 1712 448 1767 iu
469 1708 517 1769 his
547 1717 598 1769 aut
626 1712 657 1768 in
678 1708 725 1768 his
747 1718 777 1769 et
798 1712 829 1768 in
853 1710 985 1789 partibus
1007 1730 1108 1770 versus
1130 1730 1218 1791 supra
1240 1712 1373 1769 tractatis

224 1821 420 1900 inveniuntur,
443 1818 522 1898 quod
545 1822 604 1877 iam
627 1838 715 1898 supra
738 1822 971 1878 commemoravi.
1017 1818 1201 1900 Quamquam
1227 1815 1319 1879 ‘siem'
1341 1822 1373 1878 in

225 1924 283 1984 fine
304 1943 405 1983 versus
428 1924 528 1983 cretici
552 1924 732 1997 collocatum,
749 1924 914 1983 ‘saeculum'
935 1923 1032 1983 vocali
1047 1927 1232 2005 anaptyctica
1249 1926 1373 1983 instruc-

225 2037 287 2089 tum
310 2030 392 2089 'Prin
418 2033 480 2089 284
513 2037 581 2089 ante
611 2027 756 2089 diaeresin
784 2032 913 2109 positum
935 2029 1008 2088 nihil
1039 2028 1180 2110 probant,
1212 2038 1310 2089 tamen
1341 2032 1372 2088 in

226 2134 363 2194 baccheis
386 2143 490 2194 extant
518 2134 658 2194 nonnulla
691 2134 774 2193 velut
794 2134 872 2194 Men.
898 2138 915 2193 7
920 2138 982 2193 64·
1004 2134 1094 2195 ‘siet':
1128 2136 1237 2195 ‘verium
1267 2123 1371 2215 prope-

224 2239 343 2300 modum
365 2243 424 2298 iam
447 2243 515 2315 scio,
540 2239 610 2319 quid
632 2243 688 2300 siet
709 2240 769 2315 rei’,
791 2240 951 2299 Persam
976 2246 1055 2300 ‘cave
1078 2244 1117 2300 sis
1138 2261 1185 2301 ma
1207 2243 1315 2319 attigas
1336 2261 1374 2302 ne

225 2345 280 2405 tibi
303 2346 359 2404 hdo
381 2345 517 2426 scipione'
542 2345 576 2403 ci.
600 2366 695 2424 supra.
731 2343 879 2423 ‘attingas'
901 2346 935 2404 B.
950 2345 980 2403 D
998 2342 1017 2404 ².

313 2451 445 2510 ‘tametsi'
470 2450 547 2531 apud
570 2449 710 2510 Plautum
739 2450 870 2510 nondum
900 2453 932 2510 in
963 2472 1052 2510 unum
1080 2451 1201 2511 verbum
1231 2451 1374 2512 coaluisse

224 2576 259 2617 eo
283 2557 502 2637 comprobatur,
535 2556 613 2635 quod
642 2558 801 2636 numquam
823 2555 948 2615 Plautus
978 2557 1068 2616 verbo
1097 2557 1250 2638 trisyllaba
1273 2560 1373 2631 utitur,

223 2661 274 2721 sed
305 2662 438 2722 omnibus
469 2661 541 2721 locis
575 2662 638 2720 ‘am'
673 2670 741 2721 ante
771 2662 902 2721 vocalem
936 2671 1103 2742 sequentem
1134 2662 1218 2723 elidit
1251 2672 1373 2744 excepto

224 2767 298 2827 Rud.
324 2769 386 2827 244
410 2766 480 2826 ‘redi
510 2775 539 2826 et
567 2770 677 2848 respice
700 2766 738 2825 ad
765 2788 819 2826 nos
841 2768 957 2826 tametsi
985 2768 1152 2848 occupatus‘
1175 2772 1206 2828 in
1228 2767 1374 2842 baccheia,

223 2880 256 2932 ut
284 2892 448 2932 mensuram
472 2871 656 2952 trisyllabum
687 2880 811 2932 metrum
845 2881 975 2947 tueatur3
1006 2874 1040 2933 cf.
1064 2873 1197 2954 Lindsay
1226 2873 1265 2933 ad
1288 2873 1372 2954 Capt.

226 2981 297 3053 321,
332 2977 512 3057 eundemque
543 2977 649 3037 iutrcd.
672 2998 739 3057 pag.
765 2980 814 3052 51,
840 2977 890 3037 ubi
912 2979 1019 3059 Amph.
1046 2981 1107 3039 532
1130 2980 1373 3040 ‘scelestissimum

224 3096 254 3146 te
277 3087 408 3146 arbitror.
453 3086 641 3165 Numquam
665 3085 702 3146 ob
725 3087 795 3146 rem'
819 3107 855 3145 ex
878 3088 1012 3147 baccheia
1035 3084 1225 3169 comparat³).

309 3194 384 3255 item
408 3192 500 3251 solum
523 3199 646 3251 metrum
669 3191 858 3251 bacchiacum
881 3191 1035 3253 admittere
1061 3193 1165 3273 ‘coepi’
1189 3194 1372 3275 trisyllabum

224 3297 359 3376 Lindsay
381 3297 398 3355 l.
420 3318 442 3356 c.
466 3318 532 3376 pag.
551 3300 590 3356 29
615 3297 695 3356 dicit.
741 3297 838 3372 Quam
860 3298 984 3357 formam
1006 3298 1085 3379 apud
1107 3299 1247 3359 Plautum
1268 3300 1372 3359 falsam

221 3424 280 3462 non
313 3422 376 3462 esse
399 3423 464 3461 cum
487 3402 538 3461 alii
560 3406 615 3462 viri
640 3402 718 3461 docti
746 3402 963 3479 contenderunt,
988 3412 1050 3463 tum
1071 3405 1172 3482 Bergk
1196 3404 1310 3486 (Fleck.
1329 3406 1371 3483 jh.

226 3510 308 3569 1872
331 3507 433 3587 (105),
460 3507 531 3587 124)
562 3527 626 3567 eam
655 3507 794 3570 defendit.
841 3510 933 3568 Extat
960 3509 1038 3590 apud
1066 3510 1293 3571 LucretiumIV
1310 3515 1370 3571 619

222 3616 303 3672 etin
328 3632 415 3672 versu
446 3613 544 3693 aliquo
573 3612 726 3672 annalibus
749 3614 828 3672 Enni
860 3617 988 3694 ascripto
998 3612 1024 3693 ⁴)
1058 3617 1089 3674 in
1122 3616 1181 3675 fine
1202 3615 1371 3677 hexametri.

221 3716 311 3797 Apud
335 3716 473 3776 Plautum
495 3724 610 3797 praeter
633 3716 699 3780 Cas,
724 3719 802 3777 761:

223 3856 429 3867 —n-——-..

311 3927 338 3997 1)
358 3927 392 3981 cf.
412 3927 532 3984 Leonem
549 3927 606 3983 ihd.
625 3933 686 3985 272.

311 4018 340 4086 2)
361 4018 418 4072 Mil.
441 4022 509 4073 1103
528 4018 562 4073 oh
582 4036 642 4075 cam
659 4036 769 4075 causam
789 4020 862 4076 falso
882 4019 965 4075 etiam
991 4036 1063 4075 nunc
1082 4020 1227 4091 Niemeycr
1245 4020 1372 4089 scripsit:

220 4106 327 4173 ‘quibus
347 4108 478 4163 comitata
495 4114 570 4164 recte
589 4109 717 4165 deveniat
736 4109 874 4179 domnm’,
894 4110 1094 4164 ‘concomitata’
1113 4111 1167 4164 iam
1188 4110 1335 4165 Acidalius.

308 4198 336 4263 8)
357 4199 465 4251 ‘tamen'
494 4203 523 4253 et
551 4199 620 4253 ‘etsi’
649 4215 730 4255 versu
757 4199 894 4255 disiuncta
921 4207 985 4255 sunt
1003 4200 1062 4254 Mil.
1085 4204 1160 4254 1209.
1198 4200 1371 4271 trisyllabum
1457 4184 1460 4187 ‚

219 4286 346 4341 ‘tametsi'
375 4286 435 4341 Cas.
466 4291 519 4343 954
547 4288 668 4345 fortasse
698 4289 874 4345 statuendum
902 4306 962 4345 esse
998 4290 1026 4345 in
1055 4291 1193 4361 glyconeis
1222 4308 1283 4345 cum
1311 4291 1371 4346 colo

219 4409 387 4440 ..u-oo..
406 4378 558 4432 coniunctis
577 4378 634 4433 Leo
654 4385 734 4448 putat
754 4384 825 4434 cant.
845 4383 880 4435 54
899 4380 961 4435 adn.

309 4468 337 4537 4)
366 4468 473 4523 Vahlen
493 4471 563 4535 618,
591 4469 639 4522 ubi
656 4469 817 4524 Lachmann
847 4470 883 4525 ad
910 4472 995 4526 Lucr.
1013 4472 1059 4527 IV.
1080 4473 1133 4525 619
1161 4487 1212 4540 pro
1242 4471 1370 4527 ‘rotinere

220 4556 319 4625 coepit’
339 4558 451 4626 scripsit
470 4557 644 4627 ‘portendere
664 4560 771 4628 coepit’.
