3200 5217
816 441 857 499 30

256 610 382 671 institni'
404 612 447 669 ita
470 610 529 689 legi
551 630 643 691 posse,
667 617 742 674 11111
764 612 884 692 perfecti
906 614 1027 692 longum
1049 616 1096 690 sit,
1119 612 1198 695 quod
1220 615 1250 673 in
1273 612 1331 674 fine
1346 632 1413 673 ver·

256 735 305 774 sua
327 736 387 774 non
409 716 543 790 offendat,
567 738 656 796 snpra
681 720 739 775 iam
762 716 834 775 dixi.

344 822 430 880 Most.
455 825 471 880 6
496 825 556 881 iam
577 822 732 883 Acidalius
756 826 885 884 correxit
906 822 1344 904 ι11111111111111111111111111.
1367 824 1412 883 Hi

257 935 368 986 restant
389 947 507 988 versus:
531 928 598 987 Aul.
624 930 663 987 55
688 929 735 1008 (cf.
759 930 857 990 Diehl.
875 929 957 990 (1.1.
968 929 1005 989 A.
1024 936 1117 1006 1899,
1135 932 1219 1012 684),
1234 932 1297 991 Μ11.
1317 932 1413 1005 1236,

257 1032 348 1092 Ρο11.
374 1036 446 1109 328,
469 1033 576 1093 Pseud.
601 1037 663 1094 449
689 1038 814 1109 11493,
846 1057 903 1115 qno
926 1039 957 1094 in
979 1045 1104 1117 utroque
1125 1056 1214 1097 versu
1241 1037 1358 1117 syllaba
1380 1039 1413 1095 in

259 1158 289 1195 m
313 1141 414 1198 exiens
436 1142 559 1217 primam
584 1144 664 1198 arsin
687 1144 794 1199 senarii
817 1141 923 1219 explet,
945 1140 1052 1204 Pseud.
1079 1145 1160 1203 1258
1173 1140 1205 1223 ἵ),
1228 1143 1334 1223 quibus
1358 1162 1411 1200 va·

257 1246 309 1303 riis
330 1244 426 1303 modis
450 1248 506 1305 viri
529 1244 608 1305 docti
630 1246 742 1306 mederi
765 1250 862 1306 conati
884 1255 957 1306 sunt.

343 1350 458 1410 Eadem
481 1355 591 1430 pagina
615 1355 653 1411 56
671 1352 924 1412 Maurenbrecher·
940 1372 989 1412 eos
1013 1373 1115 1413 versus
1137 1353 1228 1428 affert,
1248 1356 1279 1411 in
1303 1350 1411 1432 quibus

257 1456 373 1535 syllaba
404 1460 436 1515 in
459 1458 504 1514 ‘m'
528 1460 630 1517 exiens
660 1479 718 1516 una
751 1478 816 1516 curn
847 1460 941 1536 prima
963 1459 1079 1537 syllaba
1102 1458 1184 1518 brevi
1207 1457 1345 1517 vocabuli
1367 1476 1411 1516 se

258 1564 373 1642 quentis
407 1566 486 1621 arsin
519 1563 646 1621 solutam
679 1563 795 1642 explere
828 1562 941 1623 dicitnr.
985 1562 1044 1623 Sed
1071 1585 1137 1623 cum
1159 1563 1247 1623 valde
1270 1562 1411 1635 dubitem,

257 1688 326 1726 num
359 1668 476 1747 syllaba
508 1671 539 1727 in
575 1669 620 1727 ‘m’
652 1672 753 1727 exiens
780 1672 813 1727 in
836 1671 895 1727 arsi
918 1672 1014 1747 posita
1035 1669 1148 1728 hiatum
1170 1669 1285 1729 efficere
1306 1672 1410 1747 possit,

261 1793 349 1853 qnam
363 1773 535 1832 facultatem
551 1773 684 1853 syllabae
700 1777 730 1832 in
746 1795 774 1833 m
790 1778 909 1834 exeunti
923 1778 954 1833 in
970 1775 1045 1835 thesi
1059 1775 1150 1835 fuisse
1164 1774 1411 1835 verisimillimum

257 1886 309 1952 est,
327 1882 446 1959 iamque
466 1900 554 1959 snpra
576 1879 640 1939 fieri
663 1900 722 1938 nou
738 1900 825 1959 posse
841 1879 1109 1955 demonstraverim,
1125 1889 1158 1939 nt
1173 1882 1277 1939 ultima
1292 1878 1412 1959 syllaba

257 1984 340 2043 verbi
371 1983 552 2063 polysyllabi
583 1985 680 2045 vocali
709 1986 793 2043 finita
823 2006 882 2043 una
913 2005 979 2044 cnm
1007 1988 1102 2064 prima
1125 1984 1237 2064 syllaba
1259 1984 1342 2043 verbi
1365 2002 1411 2043 se-

257 2092 374 2170 quentis
406 2111 424 2148 a
454 2090 551 2152 vocali
581 2092 734 2170 incipienti
766 2090 848 2149 hiato
871 2089 998 2149 admisso
1022 2093 1100 2149 arsin
1123 2091 1219 2165 faciat,
1242 2090 1355 2148 hiatum
1377 2091 1411 2174 in

254 2196 302 2254 his
332 2195 466 2255 versibus
498 2195 639 2255 traditum
672 2196 769 2255 littera
798 2197 846 2254 ‘m’
875 2196 1020 2274 syllabam
1050 2196 1162 2256 finienti
1191 2216 1251 2254 non
1273 2196 1410 2255 excusari

257 2321 368 2361 censeo.
407 2302 502 2359 Extat
524 2301 641 2381 syllaba
663 2304 693 2360 in
717 2303 762 2360 ‘m’
786 2305 887 2361 exiens
909 2305 940 2359 in
963 2301 1091 2361 secunda
1114 2304 1188 2361 arsi:
1217 2301 1301 2381 Capt.
1329 2303 1409 2360 9211

257 2408 331 2467 ‘nam
348 2407 400 2465 bic
413 2406 540 2487 quidelm,
557 2416 589 2465 ut
605 2406 737 2482 adornat,
756 2416 807 2466 aut
829 2410 887 2466 iam
909 2408 984 2465 111111
1006 2416 1050 2467 est
1065 2414 1117 2465 aut
1138 2410 1197 2466 iam
1215 2406 1291 2465 nihil
1304 2401 1409 2483 erit³)'

258 2513 342 2573 Cure.
369 2516 430 2573 204
455 2512 644 2572 ‘aeditumum
667 2516 780 2592 aperire
802 2512 902 2571 fanum
926 2533 1105 2591 quousque,
1128 2532 1246 2592 quaeso,
1270 2511 1306 2570 ad
1330 2512 1410 2570 hunc

257 2618 383 2678 modum'
415 2620 447 2676 in
469 2638 558 2677 versu
588 2639 647 2676 non
670 2630 748 2678 recte
770 2617 889 2692 tradito,
911 2625 945 2676 ut
967 2617 1004 2677 de
1026 2620 1111 2677 initio
1134 2638 1251 2698 quoque
1273 2616 1410 2675 dubitan-

256 2724 325 2784 dum
351 2727 397 2785 sit.
421 2726 453 2782 in
475 2731 580 2803 quarta
602 2727 679 2783 arsi:
1013 2780 1015 2785 .

344 2830 428 2888 Asin.
454 2831 516 2887 757
541 2835 644 2907 ‘neque
666 2829 752 2889 illaec
774 2829 829 2888 ulli
850 2828 927 2909 pede
947 2828 1053 2909 pedem
1075 2829 1188 2888 homini
1209 2828 1341 2909 premat’.
1410 2849 1412 2852 ·

347 2934 432 3013 Oapt.
459 2936 682 3014 3731111111.
726 2935 1027 2996 1161110111111.
1068 2935 1202 2995 Gratiam
1216 2935 1312 2995 habeo
1336 2935 1406 2995 tibi'.

346 3039 424 3099 idem
449 3043 544 3099 exitus
568 3059 671 3100 versus
695 3041 760 3105 Mil.
786 3044 868 3100 1423
892 3040 942 3119 (A.
954 3040 1000 3117 P.)
1023 3048 1122 3116 extat,
1151 3040 1248 3100 hiatus
1275 3043 1334 3099 arsi
1357 3039 1407 3097 ad-

257 3149 363 3206 missus
383 3146 481 3205 verbis
512 3154 575 3205 arte
596 3149 674 3206 inter
695 3166 726 3206 se
750 3149 920 3221 coniunctis,
950 3146 983 3205 id
1006 3146 1082 3226 qnod
1105 3145 1240 3225 Lindsay
1262 3144 1301 3204 ad
1323 3145 1407 3224 Capt

257 3255 319 3312 303
344 3255 488 3331 opinatur,
511 3272 569 3311 non
592 3259 756 3311 excusatur.

343 3358 431 3417 Most.
458 3361 518 3417 999
543 3356 692 3437 ‘numquid
713 3360 854 3437 processit
876 3357 915 3415 ad
937 3357 1034 3416 forum
1055 3357 1145 3417 hodie
1166 3356 1267 3416 novi?‘

346 3464 425 3523 Pers.
443 3466 506 3523 433
523 3466 644 3537 ‘mirum
660 3466 731 3543 quin
746 3463 801 3522 tibi
816 3483 870 3541 ego
886 3462 1040 3537 crederem,
1054 3470 1087 3521 11
1110 3462 1190 3522 idem
1208 3462 1288 3520 mihi'
1305 3460 1348 3545 (A
1360 3461 1408 3537 P.)

344 3569 523 3629 Ρ111.740.
548 3569 610 3628 ‘Ibo
634 3577 664 3628 et
682 3568 802 3647 pultabo
824 3570 950 3627 ianuam.
981 3569 1029 3627 Ita
1051 3569 1195 3648 quippini'
1219 3576 1287 3627 ante
1308 3587 1407 3647 perso-

257 3694 325 3733 nam
347 3680 495 3732 mntatam.
541 3674 602 3732 Leo
624 3677 751 3733 mutavit
772 3677 804 3732 in
827 3676 952 3732 ‘ianuam
975 3676 1041 3731 iam.
1087 3672 1261 3752 QuippiniP’

344 3778 450 3839 Pseud.
476 3782 536 3839 346
562 3781 657 3839 ‘militi
671 3779 856 3855 Macedonio,
878 3788 908 3839 et
928 3782 989 3837 iam
1012 3778 1177 3858 quindecim
1194 3778 1288 3837 habeo
1303 3777 1406 3837 minas'

260 3884 301 3963 (A
313 3885 358 3964 P.)

264 4062 472 4072 μ--α--ι-ι

332 4173 360 4241 1)
387 4171 529 4225 ‘clamatio'
558 4176 679 4226 testatur
705 4170 797 4239 glossa
816 4171 846 4224 in
864 4171 893 4227 C.
913 4169 1006 4225 (1111.
1026 4170 1053 4223 ΙΙ
1071 4170 1163 4240 258,,;
1183 4166 1217 4221 de
1237 4166 1406 4222 ‘clamitatio’

260 4259 293 4315 cf.
313 4260 400 4327 Bbgel
418 4260 459 4314 Fl.
480 4262 567 4330 suppl.
587 4266 630 4329 23,
651 4264 693 4316 94.

332 4353 360 4418 2)
379 4350 498 4403 Dubium
517 4357 559 4405 est
580 4352 646 4405 Oist.
666 4354 726 4419 775,
746 4351 794 4404 ubi
812 4350 931 4405 fortasse
951 4348 1099 4405 secundum
1119 4347 1283 4402 Schoellium
1301 4346 1407 4402 tradita

260 4440 344 4495 verba
363 4456 397 4493 ex
416 4440 506 4493 ‘etiam
525 4440 747 4510 Lampadionem'
768 4447 899 4509 corrupta
919 4445 990 4495 sunt.

333 4530 361 4603 3)
380 4529 409 4585 in
428 4532 451 4583 Α
471 4529 571 4601 legitur
590 4534 663 4587 ‘nam
682 4530 727 4585 hic
747 4530 869 4603 qu[idem
887 4536 919 4587 ut
935 4529 1016 4602 ador]
1035 4535 1092 4586 nat
1104 4571 1110 4585 .
1121 4571 1127 4585 .
1138 4570 1144 4584 .
1156 4530 1172 4584 .’
